@Book{kopka04,
  author    = {Kopka, Helmut and Daly, Patrick W.},
  title     = {Guide to \LaTeX},
  publisher = {Addison-Wesley},
  year      = {2004},
  edition   = {4},
}

@Book{goossens04,
  author =    {Mittelbach, Frank and Goossens, Michel},
  title =     {The \LaTeX{} Companion},
  publisher = {Addison-Wesley},
  year =      {2004},
  edition =   {2},
}
@article{article_Wulf,
  author  = {Wulf, T.},
  pages   = {811-813},
  title   = {Beobachtungen über die Strahlung hoher Durch-dringungsfähigkeit auf dem Eiffelturm},
  volume  = {11},
  journal = {Phys. Z.}
}
@article{Hess:1912srp,
  author  = {Hess, Victor F.},
  title   = {{\"Uber Beobachtungen der durchdringenden Strahlung bei sieben Freiballonfahrten}},
  journal = {Phys. Z.},
  volume  = {13},
  pages   = {1084--1091},
  year    = {1912}
}

@article{Clay:1927I,
  author  = {Clay, Jacob},
  title   = { Penetrating radiation},
  journal = {Acad. Amsterdam Proc.},
  volume  = {30},
  pages   = {1115--1127},
  year    = {1927}
}

@article{Clay:1928II,
  author  = {Clay, Jacob},
  title   = { Penetrating radiation II},
  journal = {Acad. Amsterdam Proc.},
  volume  = {31},
  pages   = {1091--1097},
  year    = {1928}
}
@article{rossi1933eigenschaften,
  title     = {{\"U}ber die Eigenschaften der durchdringenden Korpuskularstrahlung im Meeresniveau},
  author    = {Rossi, Bruno},
  journal   = {Zeitschrift f{\"u}r Physik},
  volume    = {82},
  number    = {3},
  pages     = {151--178},
  year      = {1933},
  publisher = {Springer}
}
@article{schmeiser1938harten,
  title     = {Die harten ultrastrahlschauer},
  author    = {Schmeiser, Kurt and Bothe, W},
  journal   = {Annalen der Physik},
  volume    = {424},
  number    = {1-2},
  pages     = {161--177},
  year      = {1938},
  publisher = {Wiley Online Library}
}
@article{RevModPhys.11.288,
  author  = {Auger, Pierre and Ehrenfest, P. and Maze, R. and Daudin, J. and Robley, A. Freon},
  title   = {{Extensive cosmic ray showers}},
  doi     = {10.1103/RevModPhys.11.288},
  journal = {Rev. Mod. Phys.},
  volume  = {11},
  pages   = {288--291},
  year    = {1939}
}
@PhDThesis{Jannis_thesis,
  author       = {{Pawlowsky, J. and Kampert, K-H. and Nelles, A.}},
  title        = {{Search for inclined photon air showers with the AugerPrime Radio Detector}},
  school       = {{Bergische Universität Wuppertal}},
  address       = {{Wuppertal}},
  type         = {{thesis}},
  doi          = {10.25926/BUW/0-779},
  year         = {{August 7, 2024}},
}

@article{Auger:2015,
  author        = {Aab, Alexander and others},
  collaboration = {Pierre Auger},
  title         = {{The Pierre Auger Cosmic Ray Observatory}},
  eprint        = {1502.01323},
  archiveprefix = {arXiv},
  primaryclass  = {astro-ph.IM},
  reportnumber  = {FERMILAB-PUB-15-034-AD-AE-CD-TD},
  doi           = {10.1016/j.nima.2015.06.058},
  journal       = {Nucl. Instrum. Meth. A},
  volume        = {798},
  pages         = {172--213},
  year          = {2015}
}
@article{Mussa_2022,
  author        = {Mussa, R. and Vasquez, A.},
  collaboration = {Pierre Auger},
  title         = {{Classification and Reconstruction of single and multiple ELVES in AUGER}},
  doi           = {10.1088/1742-6596/2398/1/012006},
  journal       = {J. Phys. Conf. Ser.},
  volume        = {2398},
  number        = {1},
  pages         = {012006},
  year          = {2022}
}
@article{Abreu_2023,
  author        = {Abreu, P. and others},
  collaboration = {Pierre Auger},
  title         = {{Limits to Gauge Coupling in the Dark Sector Set by the Nonobservation of Instanton-Induced Decay of Super-Heavy Dark Matter in the Pierre Auger Observatory Data}},
  eprint        = {2203.08854},
  archiveprefix = {arXiv},
  primaryclass  = {astro-ph.HE},
  reportnumber  = {FERMILAB-PUB-22-379-ND-PPD-TD},
  doi           = {10.1103/PhysRevLett.130.061001},
  journal       = {Phys. Rev. Lett.},
  volume        = {130},
  number        = {6},
  pages         = {061001},
  year          = {2023}
}
@article{Aab_2019_point,
  author        = {Aab, Alexander and others},
  collaboration = {Pierre Auger},
  title         = {{Limits on point-like sources of ultra-high-energy neutrinos with the Pierre Auger Observatory}},
  eprint        = {1906.07419},
  archiveprefix = {arXiv},
  primaryclass  = {astro-ph.HE},
  reportnumber  = {FERMILAB-PUB-19-279-ND-PPD-TD},
  doi           = {10.1088/1475-7516/2019/11/004},
  journal       = {JCAP},
  volume        = {11},
  pages         = {004},
  year          = {2019}
}
@article{Auger_photons_2022,
  author        = {Abreu, Pedro and others},
  collaboration = {Pierre Auger},
  title         = {{Searches for Ultra-High-Energy Photons at the Pierre Auger Observatory}},
  eprint        = {2210.12959},
  archiveprefix = {arXiv},
  primaryclass  = {astro-ph.HE},
  reportnumber  = {FERMILAB-PUB-22-810-AD-PPD-SCD-TD},
  doi           = {10.3390/universe8110579},
  journal       = {Universe},
  volume        = {8},
  number        = {11},
  pages         = {579},
  year          = {2022}
}
@article{ALLARD201233,
  author        = {Allard, Denis},
  title         = {{Extragalactic propagation of ultrahigh energy cosmic-rays}},
  eprint        = {1111.3290},
  archiveprefix = {arXiv},
  primaryclass  = {astro-ph.HE},
  doi           = {10.1016/j.astropartphys.2011.10.011},
  journal       = {Astropart. Phys.},
  volume        = {39-40},
  pages         = {33--43},
  year          = {2012}
}
@article{bister2024largescaleanisotropyfluxdemagnification,
  author        = {Bister, Teresa and Farrar, Glennys R. and Unger, Michael},
  title         = {{The Large-scale Anisotropy and Flux (de)magnification of Ultrahigh-energy Cosmic Rays in the Galactic Magnetic Field}},
  eprint        = {2408.00614},
  archiveprefix = {arXiv},
  primaryclass  = {astro-ph.HE},
  doi           = {10.3847/2041-8213/ad856f},
  journal       = {Astrophys. J. Lett.},
  volume        = {975},
  number        = {1},
  pages         = {L21},
  year          = {2024}
}
@article{UHEcorrelation_2016,
  author        = {Aartsen, M. G. and others},
  collaboration = {IceCube, Pierre Auger, Telescope Array},
  title         = {{Search for correlations between the arrival directions of IceCube neutrino events and ultrahigh-energy cosmic rays detected by the Pierre Auger Observatory and the Telescope Array}},
  eprint        = {1511.09408},
  archiveprefix = {arXiv},
  primaryclass  = {astro-ph.HE},
  reportnumber  = {FERMILAB-PUB-15-520-AD-AE-CD-TD},
  doi           = {10.1088/1475-7516/2016/01/037},
  journal       = {JCAP},
  volume        = {01},
  pages         = {037},
  year          = {2016}
}
@article{Icecube_2022,
  author        = {Abbasi, R. and others},
  collaboration = {IceCube},
  title         = {{Evidence for neutrino emission from the nearby active galaxy NGC 1068}},
  eprint        = {2211.09972},
  archiveprefix = {arXiv},
  primaryclass  = {astro-ph.HE},
  doi           = {10.1126/science.abg3395},
  journal       = {Science},
  volume        = {378},
  number        = {6619},
  pages         = {538--543},
  year          = {2022}
}
@article{Icecube_txs,
  author        = {Aartsen, M. G. and others},
  collaboration = {IceCube},
  title         = {{Neutrino emission from the direction of the blazar TXS 0506+056 prior to the IceCube-170922A alert}},
  eprint        = {1807.08794},
  archiveprefix = {arXiv},
  primaryclass  = {astro-ph.HE},
  doi           = {10.1126/science.aat2890},
  journal       = {Science},
  volume        = {361},
  number        = {6398},
  pages         = {147--151},
  year          = {2018}
}
@article{Aab_2019_diffuse,
  author        = {Aab, Alexander and others},
  collaboration = {Pierre Auger},
  title         = {{Probing the origin of ultra-high-energy cosmic rays with neutrinos in the EeV energy range using the Pierre Auger Observatory}},
  eprint        = {1906.07422},
  archiveprefix = {arXiv},
  primaryclass  = {astro-ph.HE},
  reportnumber  = {FERMILAB-PUB-19-280-ND-PPD-TD},
  doi           = {10.1088/1475-7516/2019/10/022},
  journal       = {JCAP},
  volume        = {10},
  pages         = {022},
  year          = {2019}
}
@article{PhysRevLett.116.061102,
  author        = {Abbott, B. P. and others},
  collaboration = {LIGO Scientific, Virgo},
  title         = {{Observation of Gravitational Waves from a Binary Black Hole Merger}},
  eprint        = {1602.03837},
  archiveprefix = {arXiv},
  primaryclass  = {gr-qc},
  reportnumber  = {LIGO-P150914},
  doi           = {10.1103/PhysRevLett.116.061102},
  journal       = {Phys. Rev. Lett.},
  volume        = {116},
  number        = {6},
  pages         = {061102},
  year          = {2016}
}
@article{Abbott_2017,
  author        = {Abbott, B. P. and others},
  collaboration = {LIGO Scientific, Virgo, Fermi GBM, INTEGRAL, IceCube, AstroSat Cadmium Zinc Telluride Imager Team, IPN, Insight-Hxmt, ANTARES, Swift, AGILE Team, 1M2H Team, Dark Energy Camera GW-EM, DES, DLT40, GRAWITA, Fermi-LAT, ATCA, ASKAP, Las Cumbres Observatory Group, OzGrav, DWF (Deeper Wider Faster Program), AST3, CAASTRO, VINROUGE, MASTER, J-GEM, GROWTH, JAGWAR, CaltechNRAO, TTU-NRAO, NuSTAR, Pan-STARRS, MAXI Team, TZAC Consortium, KU, Nordic Optical Telescope, ePESSTO, GROND, Texas Tech University, SALT Group, TOROS, BOOTES, MWA, CALET, IKI-GW Follow-up, H.E.S.S., LOFAR, LWA, HAWC, Pierre Auger, ALMA, Euro VLBI Team, Pi of Sky, Chandra Team at McGill University, DFN, ATLAS Telescopes, High Time Resolution Universe Survey, RIMAS, RATIR, SKA South Africa/MeerKAT},
  title         = {{Multi-messenger Observations of a Binary Neutron Star Merger}},
  eprint        = {1710.05833},
  archiveprefix = {arXiv},
  primaryclass  = {astro-ph.HE},
  reportnumber  = {LIGO-P1700294, VIR-0802A-17, FERMILAB-PUB-17-478-A-AE-CD},
  doi           = {10.3847/2041-8213/aa91c9},
  journal       = {Astrophys. J. Lett.},
  volume        = {848},
  number        = {2},
  pages         = {L12},
  year          = {2017}
}
@misc{Wik_mm,
title = {Wikipedia article: Multimessenger astronomy},
url = {https://en.wikipedia.org/wiki/Multimessenger_astronomy}
}
@article{TXS_Multi_2018,
  author        = {Aartsen, M. G. and others},
  collaboration = {IceCube, Fermi-LAT, MAGIC, AGILE, ASAS-SN, HAWC, H.E.S.S., INTEGRAL, Kanata, Kiso, Kapteyn, Liverpool Telescope, Subaru, Swift NuSTAR, VERITAS, VLA/17B-403},
  title         = {{Multimessenger observations of a flaring blazar coincident with high-energy neutrino IceCube-170922A}},
  eprint        = {1807.08816},
  archiveprefix = {arXiv},
  primaryclass  = {astro-ph.HE},
  doi           = {10.1126/science.aat1378},
  journal       = {Science},
  volume        = {361},
  number        = {6398},
  pages         = {eaat1378},
  year          = {2018}
}
@article{Galactic_plane_nu_2023,
  author        = {Abbasi, R. and others},
  collaboration = {IceCube},
  title         = {{Observation of high-energy neutrinos from the Galactic plane}},
  eprint        = {2307.04427},
  archiveprefix = {arXiv},
  primaryclass  = {astro-ph.HE},
  doi           = {10.1126/science.adc9818},
  journal       = {Science},
  volume        = {380},
  number        = {6652},
  pages         = {adc9818},
  year          = {2023}
}
@article{PierreAuger:2023pjg,
  author        = {Abdul Halim, Adila and others},
  collaboration = {Pierre Auger},
  title         = {{Latest results from the searches for ultra-high-energy photons and neutrinos at the Pierre Auger Observatory}},
  doi           = {10.22323/1.444.1488},
  journal       = {PoS},
  volume        = {ICRC2023},
  pages         = {1488},
  year          = {2023}
}
@misc{gap_note_2013,
  year         = {2013},
  url          = {http://hdl.handle.net/10481/26377},
  organization = {Tesis Univ. Granada. Departamento de Física Teórica y del Cosmos},
  publisher    = {Universidad de Granada},
  keywords     = {Física nuclear},
  keywords     = {Rayos cósmicos},
  title        = {Search for ultra-high energy neutrinos at the Pierre Auger Observatory},
  author       = {Navarro Quirante, José Luis}
}
@article{Jungman_1996,
  author        = {Jungman, Gerard and Kamionkowski, Marc and Griest, Kim},
  title         = {{Supersymmetric dark matter}},
  eprint        = {hep-ph/9506380},
  archiveprefix = {arXiv},
  reportnumber  = {SU-4240-605, UCSD-PTH-95-02, IASSNS-HEP-95-14, CU-TP-677},
  doi           = {10.1016/0370-1573(95)00058-5},
  journal       = {Phys. Rept.},
  volume        = {267},
  pages         = {195--373},
  year          = {1996}
}
@misc{hess2018observationspenetratingradiationseven,
  title         = {On the Observations of the Penetrating Radiation during Seven Balloon Flights},
  author        = {Victor Hess},
  year          = {2018},
  eprint        = {1808.02927},
  archiveprefix = {arXiv},
  primaryclass  = {physics.hist-ph},
  url           = {https://arxiv.org/abs/1808.02927}
}
@article{PhysRev.36.606,
  title     = {On the Magnetic Deflection of Cosmic Rays},
  author    = {Rossi, Bruno},
  journal   = {Phys. Rev.},
  volume    = {36},
  issue     = {3},
  pages     = {606--606},
  numpages  = {0},
  year      = {1930},
  month     = {Aug},
  publisher = {American Physical Society},
  doi       = {10.1103/PhysRev.36.606},
  url       = {https://link.aps.org/doi/10.1103/PhysRev.36.606}
}

@article{PhysRev.43.834,
  title     = {The Azimuthal Asymmetry of the Cosmic Radiation},
  author    = {Johnson, Thomas H.},
  journal   = {Phys. Rev.},
  volume    = {43},
  issue     = {10},
  pages     = {834--835},
  numpages  = {0},
  year      = {1933},
  month     = {May},
  publisher = {American Physical Society},
  doi       = {10.1103/PhysRev.43.834},
  url       = {https://link.aps.org/doi/10.1103/PhysRev.43.834}
}

@article{PhysRev.43.835,
  title     = {A Positively Charged Component of Cosmic Rays},
  author    = {Alvarez, Luis and Compton, Arthur H.},
  journal   = {Phys. Rev.},
  volume    = {43},
  issue     = {10},
  pages     = {835--836},
  numpages  = {0},
  year      = {1933},
  month     = {May},
  publisher = {American Physical Society},
  doi       = {10.1103/PhysRev.43.835},
  url       = {https://link.aps.org/doi/10.1103/PhysRev.43.835}
}
@article{TA_2023,
  author        = {Abbasi, R. U. and others},
  collaboration = {Telescope Array},
  title         = {{An extremely energetic cosmic ray observed by a surface detector array}},
  eprint        = {2311.14231},
  archiveprefix = {arXiv},
  primaryclass  = {astro-ph.HE},
  doi           = {10.1126/science.abo5095},
  journal       = {Science},
  volume        = {382},
  number        = {6673},
  pages         = {abo5095},
  year          = {2023}
}
@article{Bhattacharjee_2000,
  author        = {Bhattacharjee, Pijushpani and Sigl, Gunter},
  title         = {{Origin and propagation of extremely high-energy cosmic rays}},
  eprint        = {astro-ph/9811011},
  archiveprefix = {arXiv},
  doi           = {10.1016/S0370-1573(99)00101-5},
  journal       = {Phys. Rept.},
  volume        = {327},
  pages         = {109--247},
  year          = {2000}
}
@article{1984ARA&A..22..425H,
  author  = {Hillas, A. M.},
  title   = {{The Origin of Ultrahigh-Energy Cosmic Rays}},
  doi     = {10.1146/annurev.aa.22.090184.002233},
  journal = {Ann. Rev. Astron. Astrophys.},
  volume  = {22},
  pages   = {425--444},
  year    = {1984}
}
@article{Blandford_2000,
  author        = {Blandford, R. D.},
  title         = {{Acceleration of ultrahigh-energy cosmic rays}},
  eprint        = {astro-ph/9906026},
  archiveprefix = {arXiv},
  doi           = {10.1238/Physica.Topical.085a00191},
  journal       = {Phys. Scripta T},
  volume        = {85},
  pages         = {191--194},
  year          = {2000}
}
@article{1993A&A...272..161R,
  author        = {Rachen, Jorg P. and Biermann, Peter L.},
  title         = {{Extragalactic ultrahigh-energy cosmic rays. 1. Contribution from hot spots in FR-II radio galaxies}},
  eprint        = {astro-ph/9301010},
  archiveprefix = {arXiv},
  reportnumber  = {PRINT-93-0165},
  journal       = {Astron. Astrophys.},
  volume        = {272},
  pages         = {161--175},
  year          = {1993}
}
@article{Busca_2006,
  author        = {Busca, Nicolas and Hooper, Dan and Kolb, Edward W.},
  title         = {{Pierre auger data, photons, and top-down cosmic ray models}},
  eprint        = {astro-ph/0603055},
  archiveprefix = {arXiv},
  reportnumber  = {FERMILAB-PUB-06-022-A},
  doi           = {10.1103/PhysRevD.73.123001},
  journal       = {Phys. Rev. D},
  volume        = {73},
  pages         = {123001},
  year          = {2006}
}
@article{PhysRev.75.1169,
  author  = {Fermi, Enrico},
  title   = {{On the Origin of the Cosmic Radiation}},
  doi     = {10.1103/PhysRev.75.1169},
  journal = {Phys. Rev.},
  volume  = {75},
  pages   = {1169--1174},
  year    = {1949}
}
@article{Murase:2008sa,
  author        = {Murase, Kohta and Takami, Hajime},
  title         = {{Implications of Ultra-High-Energy Cosmic Rays for Transient Sources in the Auger Era}},
  eprint        = {0810.1813},
  archiveprefix = {arXiv},
  primaryclass  = {astro-ph},
  doi           = {10.1088/0004-637X/690/1/L14},
  journal       = {Astrophys. J. Lett.},
  volume        = {690},
  pages         = {L14--L17},
  year          = {2009}
}
@article{article_Hoshino,
  author  = {Hoshino, Masahiro},
  year    = {2001},
  month   = {05},
  pages   = {149-181},
  title   = {Nonthermal Particle Acceleration in Shock Front Region: ``Shock Surfing Accelerations},
  volume  = {143},
  journal = {Progress of Theoretical Physics Supplement - PROG THEOR PHYS SUPPL},
  doi     = {10.1143/PTPS.143.149}
}
@article{AlvesBatista:2019tlv,
  author        = {Alves Batista, Rafael and others},
  title         = {{Open Questions in Cosmic-Ray Research at Ultrahigh Energies}},
  eprint        = {1903.06714},
  archiveprefix = {arXiv},
  primaryclass  = {astro-ph.HE},
  doi           = {10.3389/fspas.2019.00023},
  journal       = {Front. Astron. Space Sci.},
  volume        = {6},
  pages         = {23},
  year          = {2019}
}
@inproceedings{BLASI_2011,
  author        = {Blasi, Pasquale},
  title         = {{Cosmic Ray Acceleration in Supernova Remnants}},
  booktitle     = {{ICATPP Conference on Cosmic Rays for Particle and Astroparticle Physics}},
  eprint        = {1012.5005},
  archiveprefix = {arXiv},
  primaryclass  = {astro-ph.HE},
  doi           = {10.1142/9789814329033_0061},
  year          = {2011},
}
@article{Rieger_2022,
  author        = {Rieger, Frank M.},
  title         = {{Active Galactic Nuclei as Potential Sources of Ultra-High Energy Cosmic Rays}},
  eprint        = {2211.12202},
  archiveprefix = {arXiv},
  primaryclass  = {astro-ph.HE},
  doi           = {10.3390/universe8110607},
  journal       = {Universe},
  volume        = {8},
  number        = {11},
  pages         = {607},
  year          = {2022}
}
@article{PhysRevD.84.023002,
  author        = {Kotera, Kumiko},
  title         = {{Ultrahigh energy cosmic ray acceleration in newly born magnetars and their associated gravitational wave signatures}},
  eprint        = {1106.3060},
  archiveprefix = {arXiv},
  primaryclass  = {astro-ph.HE},
  doi           = {10.1103/PhysRevD.84.023002},
  journal       = {Phys. Rev. D},
  volume        = {84},
  pages         = {023002},
  year          = {2011}
}
@article{Cerutti_2020,
  author        = {Cerutti, Beno\^\i{}t and Giacinti, Gwenael},
  title         = {{A global model of particle acceleration at pulsar wind termination shocks}},
  eprint        = {2008.07253},
  archiveprefix = {arXiv},
  primaryclass  = {astro-ph.HE},
  doi           = {10.1051/0004-6361/202038883},
  journal       = {Astron. Astrophys.},
  volume        = {642},
  pages         = {A123},
  year          = {2020}
}
@article{Murase_2008,
  author        = {Murase, Kohta and Inoue, Susumu and Nagataki, Shigehiro},
  title         = {{Cosmic Rays Above the Second Knee from Clusters of Galaxies and Associated High-Energy Neutrino Emission}},
  eprint        = {0805.0104},
  archiveprefix = {arXiv},
  primaryclass  = {astro-ph},
  doi           = {10.1086/595882},
  journal       = {Astrophys. J. Lett.},
  volume        = {689},
  pages         = {L105},
  year          = {2008}
}
@article{Condorelli_2023,
  author        = {Condorelli, Antonio and Biteau, Jonathan and Adam, Remi},
  title         = {{Impact of Galaxy Clusters on the Propagation of Ultrahigh-energy Cosmic Rays}},
  eprint        = {2309.04380},
  archiveprefix = {arXiv},
  primaryclass  = {astro-ph.HE},
  doi           = {10.3847/1538-4357/acfeef},
  journal       = {Astrophys. J.},
  volume        = {957},
  number        = {2},
  pages         = {80},
  year          = {2023}
}
@article{article_Kotera_Olinto,
  author        = {Kotera, Kumiko and Olinto, Angela V.},
  title         = {{The Astrophysics of Ultrahigh Energy Cosmic Rays}},
  eprint        = {1101.4256},
  archiveprefix = {arXiv},
  primaryclass  = {astro-ph.HE},
  doi           = {10.1146/annurev-astro-081710-102620},
  journal       = {Ann. Rev. Astron. Astrophys.},
  volume        = {49},
  pages         = {119--153},
  year          = {2011}
}
@article{Kirk_2000,
  author        = {Kirk, J. G. and Guthmann, A. W. and Gallant, Y. A. and Achterberg, A.},
  title         = {{Particle acceleration at ultrarelativistic shocks: an eigenfunction method}},
  eprint        = {astro-ph/0005222},
  archiveprefix = {arXiv},
  doi           = {10.1086/309533},
  journal       = {Astrophys. J.},
  volume        = {542},
  pages         = {235},
  year          = {2000}
}
@article{10.1046/j.1365-8711.2001.04851.x,
  author        = {Achterberg, Abraham and Gallant, Yves A. and Kirk, John G. and Guthmann, Axel W.},
  title         = {{Particle acceleration by ultrarelativistic shocks: Theory and simulations}},
  eprint        = {astro-ph/0107530},
  archiveprefix = {arXiv},
  doi           = {10.1046/j.1365-8711.2001.04851.x},
  journal       = {Mon. Not. Roy. Astron. Soc.},
  volume        = {328},
  pages         = {393},
  year          = {2001}
}
@article{MARZOLA201756,
  author        = {Marzola, Luca and Urban, Federico R.},
  title         = {{Ultra High Energy Cosmic Rays \textbackslash{}\& Super-heavy Dark Matter}},
  eprint        = {1611.07180},
  archiveprefix = {arXiv},
  primaryclass  = {astro-ph.HE},
  doi           = {10.1016/j.astropartphys.2017.04.005},
  journal       = {Astropart. Phys.},
  volume        = {93},
  pages         = {56--69},
  year          = {2017}
}
@article{ALOISIO2008307,
  author        = {Aloisio, R. and Tortorici, F.},
  title         = {{Super Heavy Dark Matter and UHECR Anisotropy at Low Energy}},
  eprint        = {0706.3196},
  archiveprefix = {arXiv},
  primaryclass  = {astro-ph},
  doi           = {10.1016/j.astropartphys.2008.02.005},
  journal       = {Astropart. Phys.},
  volume        = {29},
  pages         = {307--316},
  year          = {2008}
}
@article{PhysRevD.64.043004,
  author        = {Berezinsky, V. and Hnatyk, B. and Vilenkin, A.},
  title         = {{Gamma-ray bursts from superconducting cosmic strings}},
  eprint        = {astro-ph/0102366},
  archiveprefix = {arXiv},
  doi           = {10.1103/PhysRevD.64.043004},
  journal       = {Phys. Rev. D},
  volume        = {64},
  pages         = {043004},
  year          = {2001}
}
@article{BHATTACHARJEE2000109,
  author        = {Bhattacharjee, Pijushpani and Sigl, Gunter},
  title         = {{Origin and propagation of extremely high-energy cosmic rays}},
  eprint        = {astro-ph/9811011},
  archiveprefix = {arXiv},
  doi           = {10.1016/S0370-1573(99)00101-5},
  journal       = {Phys. Rept.},
  volume        = {327},
  pages         = {109--247},
  year          = {2000}
}
@article{PhysRevLett.79.5202,
  author        = {Berezinsky, Veniamin and Vilenkin, Alexander},
  title         = {{Cosmic necklaces and ultrahigh-energy cosmic rays}},
  eprint        = {astro-ph/9704257},
  archiveprefix = {arXiv},
  doi           = {10.1103/PhysRevLett.79.5202},
  journal       = {Phys. Rev. Lett.},
  volume        = {79},
  pages         = {5202--5205},
  year          = {1997}
}
@article{PierreAuger:2021tog,
  author        = {Abreu, Pedro and others},
  collaboration = {Pierre Auger},
  title         = {{Testing effects of Lorentz invariance violation in the propagation of astroparticles with the Pierre Auger Observatory}},
  eprint        = {2112.06773},
  archiveprefix = {arXiv},
  primaryclass  = {astro-ph.HE},
  reportnumber  = {FERMILAB-PUB-21-716-AD-PPD-SCD-TD, FERMILAB-PUB-21-716-AD-PPD-SCD-TD},
  doi           = {10.1088/1475-7516/2022/01/023},
  journal       = {JCAP},
  volume        = {01},
  number        = {01},
  pages         = {023},
  year          = {2022}
}
@article{XENON:2023cxc,
  author        = {Aprile, E. and others},
  collaboration = {XENON},
  title         = {{First Dark Matter Search with Nuclear Recoils from the XENONnT Experiment}},
  eprint        = {2303.14729},
  archiveprefix = {arXiv},
  primaryclass  = {hep-ex},
  doi           = {10.1103/PhysRevLett.131.041003},
  journal       = {Phys. Rev. Lett.},
  volume        = {131},
  number        = {4},
  pages         = {041003},
  year          = {2023}
}
@article{LZ:2022lsv,
  author        = {Aalbers, J. and others},
  collaboration = {LZ},
  title         = {{First Dark Matter Search Results from the LUX-ZEPLIN (LZ) Experiment}},
  eprint        = {2207.03764},
  archiveprefix = {arXiv},
  primaryclass  = {hep-ex},
  doi           = {10.1103/PhysRevLett.131.041002},
  journal       = {Phys. Rev. Lett.},
  volume        = {131},
  number        = {4},
  pages         = {041002},
  year          = {2023}
}
@article{PhysRevLett.16.748,
  author  = {Greisen, Kenneth},
  title   = {{End to the cosmic ray spectrum?}},
  doi     = {10.1103/PhysRevLett.16.748},
  journal = {Phys. Rev. Lett.},
  volume  = {16},
  pages   = {748--750},
  year    = {1966}
}

@article{Zatsepin:1966jv,
  author  = {Zatsepin, G. T. and Kuzmin, V. A.},
  title   = {{Upper limit of the spectrum of cosmic rays}},
  journal = {JETP Lett.},
  volume  = {4},
  pages   = {78--80},
  year    = {1966}
}
@article{KAMPERT2014318,
  author        = {Kampert, Karl-Heinz and Tinyakov, Peter},
  title         = {{Cosmic rays from the ankle to the cutoff}},
  eprint        = {1405.0575},
  archiveprefix = {arXiv},
  primaryclass  = {astro-ph.HE},
  doi           = {10.1016/j.crhy.2014.04.006},
  journal       = {Comptes Rendus Physique},
  volume        = {15},
  pages         = {318--328},
  year          = {2014}
}
@misc{evoli_2018_2360277,
  author    = {Evoli, Carmelo},
  title     = {The Cosmic-Ray Energy Spectrum},
  month     = dec,
  year      = 2018,
  publisher = {Zenodo},
  doi       = {10.5281/zenodo.2360277},
  url       = {https://doi.org/10.5281/zenodo.2360277}
}
@article{kawai2008telescope,
  author        = {Kawai, H. and others},
  editor        = {Cheng, Kwong Sang and Engel, Ralph and Pattison, Bryan and Ma, Yuqian and Yao, Zhiguo and Zhu, Qingqi},
  collaboration = {Telescope Array},
  title         = {{Telescope array experiment}},
  doi           = {10.1016/j.nuclphysbps.2007.11.002},
  journal       = {Nucl. Phys. B Proc. Suppl.},
  volume        = {175-176},
  pages         = {221--226},
  year          = {2008}
}
@article{PhysRevLett.110.141102,
  author        = {Aguilar, M. and others},
  collaboration = {AMS},
  title         = {{First Result from the Alpha Magnetic Spectrometer on the International Space Station: Precision Measurement of the Positron Fraction in Primary Cosmic Rays of 0.5\textendash{}350 GeV}},
  doi           = {10.1103/PhysRevLett.110.141102},
  journal       = {Phys. Rev. Lett.},
  volume        = {110},
  pages         = {141102},
  year          = {2013}
}
@article{SCHATZ1998151,
  author        = {Schatz, G. and others},
  editor        = {Capdevielle, J. N. and Froissart, M. and Meynadier, C.},
  collaboration = {KASCADE},
  title         = {{The KASCADE experiment}},
  doi           = {10.1016/S0920-5632(97)00510-0},
  journal       = {Nucl. Phys. B Proc. Suppl.},
  volume        = {60},
  pages         = {151--160},
  year          = {1998}
}
@article{2017arXiv171007249T,
  author        = {Aab, Alexander and others},
  collaboration = {Pierre Auger},
  title         = {{Inferences on mass composition and tests of hadronic interactions from 0.3 to 100 EeV using the water-Cherenkov detectors of the Pierre Auger Observatory}},
  eprint        = {1710.07249},
  archiveprefix = {arXiv},
  primaryclass  = {astro-ph.HE},
  reportnumber  = {FERMILAB-PUB-17-357-ND-PPD-TD},
  doi           = {10.1103/PhysRevD.96.122003},
  journal       = {Phys. Rev. D},
  volume        = {96},
  number        = {12},
  pages         = {122003},
  year          = {2017}
}
@article{2018_auger_comp_spec,
  author        = {Aab, Alexander and others},
  collaboration = {Pierre Auger},
  title         = {{Combined fit of spectrum and composition data as measured by the Pierre Auger Observatory}},
  eprint        = {1612.07155},
  archiveprefix = {arXiv},
  primaryclass  = {astro-ph.HE},
  reportnumber  = {FERMILAB-PUB-16-618},
  doi           = {10.1088/1475-7516/2017/04/038},
  journal       = {JCAP},
  volume        = {04},
  pages         = {038},
  year          = {2017},
  note          = {[Erratum: JCAP 03, E02 (2018)]}
}
@article{ANASTASI2022167497,
  author        = {Anastasi, Gioacchino Alex},
  collaboration = {Pierre Auger},
  title         = {{AugerPrime: The Pierre Auger Observatory upgrade}},
  doi           = {10.1016/j.nima.2022.167497},
  journal       = {Nucl. Instrum. Meth. A},
  volume        = {1044},
  pages         = {167497},
  year          = {2022}
}
@article{Ar_mburo_Garc_a_2021,
  author        = {Garcia, Andres Aramburo and Bondarenko, Kyrylo and Boyarsky, Alexey and Nelson, Dylan and Pillepich, Annalisa and Sokolenko, Anastasia},
  title         = {{Ultrahigh energy cosmic ray deflection by the intergalactic magnetic field}},
  eprint        = {2101.07207},
  archiveprefix = {arXiv},
  primaryclass  = {astro-ph.HE},
  doi           = {10.1103/PhysRevD.104.083017},
  journal       = {Phys. Rev. D},
  volume        = {104},
  number        = {8},
  pages         = {083017},
  year          = {2021}
}
@article{BONIFAZI200920,
  author        = {Bonifazi, C.},
  editor        = {Caruso, R. and Insolia, A. and Letessier-Selvon, A. and Pirronello, V.},
  collaboration = {Pierre Auger},
  title         = {{The angular resolution of the Pierre Auger Observatory}},
  eprint        = {0901.3138},
  archiveprefix = {arXiv},
  primaryclass  = {astro-ph.HE},
  doi           = {10.1016/j.nuclphysbps.2009.03.063},
  journal       = {Nucl. Phys. B Proc. Suppl.},
  volume        = {190},
  pages         = {20--25},
  year          = {2009}
}
@article{Li:1983fv,
  author  = {Li, T. -P. and Ma, Y. -Q.},
  title   = {{Analysis methods for results in gamma-ray astronomy}},
  doi     = {10.1086/161295},
  journal = {Astrophys. J.},
  volume  = {272},
  pages   = {317--324},
  year    = {1983}
}
@article{Abreu_2022,
  author        = {Abreu, Pedro and others},
  collaboration = {Pierre Auger},
  title         = {{Arrival Directions of Cosmic Rays above 32 EeV from Phase One of the Pierre Auger Observatory}},
  eprint        = {2206.13492},
  archiveprefix = {arXiv},
  primaryclass  = {astro-ph.HE},
  reportnumber  = {FERMILAB-PUB-22-491-AD-PPD-SCD-TD},
  doi           = {10.3847/1538-4357/ac7d4e},
  journal       = {Astrophys. J.},
  volume        = {935},
  number        = {2},
  pages         = {170},
  year          = {2022}
}
@article{Aab_2018,
  author        = {Aab, A. and others},
  collaboration = {Pierre Auger},
  title         = {{Large-scale cosmic-ray anisotropies above 4 EeV measured by the Pierre Auger Observatory}},
  eprint        = {1808.03579},
  archiveprefix = {arXiv},
  primaryclass  = {astro-ph.HE},
  reportnumber  = {FERMILAB-PUB-18-393-ND-PPD-TD},
  doi           = {10.3847/1538-4357/aae689},
  journal       = {Astrophys. J.},
  volume        = {868},
  number        = {1},
  pages         = {4},
  year          = {2018}
}
@article{Aab_2020_dipole_modulation,
  author        = {Aab, Alexander and others},
  collaboration = {Pierre Auger},
  title         = {{Cosmic-ray anisotropies in right ascension measured by the Pierre Auger Observatory}},
  eprint        = {2002.06172},
  archiveprefix = {arXiv},
  primaryclass  = {astro-ph.HE},
  reportnumber  = {FERMILAB-PUB-20-076, FERMILAB-PUB-20-076-ND-PPD-TD},
  doi           = {10.3847/1538-4357/ab7236},
  journal       = {Astrophys. J.},
  volume        = {891},
  pages         = {142},
  year          = {2020}
}
@article{TelescopeArray:2021gxg,
  author        = {di Matteo, Armando and others},
  collaboration = {Telescope Array, Pierre Auger},
  title         = {{UHECR arrival directions in the latest data from the original Auger and TA surface detectors and nearby galaxies}},
  eprint        = {2111.12366},
  archiveprefix = {arXiv},
  primaryclass  = {astro-ph.HE},
  doi           = {10.22323/1.395.0308},
  journal       = {PoS},
  volume        = {ICRC2021},
  pages         = {308},
  year          = {2021}
}
@article{ParticleDataGroup:2024cfk,
  author        = {Navas, S. and others},
  collaboration = {Particle Data Group},
  title         = {{Review of particle physics}},
  doi           = {10.1103/PhysRevD.110.030001},
  journal       = {Phys. Rev. D},
  volume        = {110},
  number        = {3},
  pages         = {030001},
  year          = {2024}
}
@article{PierreAuger:2014tey,
  author        = {Aab, Alexander and others},
  collaboration = {Pierre Auger},
  title         = {{A Targeted Search for Point Sources of EeV Neutrons}},
  eprint        = {1406.4038},
  archiveprefix = {arXiv},
  primaryclass  = {astro-ph.HE},
  reportnumber  = {FERMILAB-PUB-14-192-AD-AE-CD-TD},
  doi           = {10.1088/2041-8205/789/2/L34},
  journal       = {Astrophys. J. Lett.},
  volume        = {789},
  pages         = {L34},
  year          = {2014}
}
@article{PierreAuger:2023onx,
  author        = {Abdul Halim, Adila and others},
  collaboration = {Pierre Auger},
  title         = {{Search for evidence of neutron fluxes using Pierre Auger Observatory data}},
  doi           = {10.22323/1.444.0246},
  journal       = {PoS},
  volume        = {ICRC2023},
  pages         = {246},
  year          = {2023}
}
@article{Puhlhofer:2024fjx,
  author        = {P\"uhlhofer, Gerd and Leuschner, Fabian and Salzmann, Heiko},
  title         = {{H.E.S.S.: The High Energy Stereoscopic System}},
  eprint        = {2405.11104},
  archiveprefix = {arXiv},
  primaryclass  = {astro-ph.IM},
  doi           = {10.1007/978-981-16-4544-0_69-2},
  month         = {5},
  year          = {2024}
}
@article{Thompson_2022,
  author        = {Thompson, David J. and Wilson-Hodge, Colleen A.},
  title         = {{Fermi Gamma-ray Space Telescope}},
  eprint        = {2210.12875},
  archiveprefix = {arXiv},
  primaryclass  = {astro-ph.HE},
  doi           = {10.1007/978-981-16-4544-0_58-1},
  month         = {10},
  year          = {2022}
}
@book{2018_CTAO,
  author        = {Acharya, B. S. and others},
  collaboration = {CTA Consortium},
  title         = {{Science with the Cherenkov Telescope Array}},
  eprint        = {1709.07997},
  archiveprefix = {arXiv},
  primaryclass  = {astro-ph.IM},
  doi           = {10.1142/10986},
  isbn          = {978-981-327-008-4},
  publisher     = {WSP},
  month         = {11},
  year          = {2018}
}
@inproceedings{article_2001_kampert,
  author        = {Kampert, K. H. and others},
  collaboration = {KASCADE},
  title         = {{Cosmic rays in the energy range of the knee: Recent results from KASCADE}},
  booktitle     = {{30th International Symposium on Multiparticle Dynamics}},
  eprint        = {astro-ph/0102266},
  archiveprefix = {arXiv},
  month         = {2},
  year          = {2001}
}
@article{universe8110579,
  author        = {Abreu, Pedro and others},
  collaboration = {Pierre Auger},
  title         = {{Searches for Ultra-High-Energy Photons at the Pierre Auger Observatory}},
  eprint        = {2210.12959},
  archiveprefix = {arXiv},
  primaryclass  = {astro-ph.HE},
  reportnumber  = {FERMILAB-PUB-22-810-AD-PPD-SCD-TD},
  doi           = {10.3390/universe8110579},
  journal       = {Universe},
  volume        = {8},
  number        = {11},
  pages         = {579},
  year          = {2022}
}
@article{PierreAuger:2024ayl,
  author        = {Abdul Halim, A. and others},
  collaboration = {Pierre Auger},
  title         = {{Search for photons above $10^{18}$\,eV by simultaneously measuring the atmospheric depth and the muon content of air showers at the Pierre Auger Observatory}},
  eprint        = {2406.07439},
  archiveprefix = {arXiv},
  primaryclass  = {astro-ph.HE},
  reportnumber  = {FERMILAB-PUB-24-0391-PPD-TD},
  doi           = {10.1103/PhysRevD.110.062005},
  journal       = {Phys. Rev. D},
  volume        = {110},
  number        = {6},
  pages         = {062005},
  year          = {2024}
}
@article{10.1063/1.2995181,
  author  = {Brown, Laurie M.},
  title   = {{The idea of the neutrino}},
  doi     = {10.1063/1.2995181},
  journal = {Phys. Today},
  volume  = {31N9},
  pages   = {23--28},
  year    = {1978}
}
@article{PhysRev.92.830,
  author  = {Reines, F. and Cowan, C. L.},
  title   = {{Detection of the free neutrino}},
  doi     = {10.1103/PhysRev.92.830},
  journal = {Phys. Rev.},
  volume  = {92},
  pages   = {830--831},
  year    = {1953}
}
@article{Fukuda_1998,
  author        = {Fukuda, Y. and others},
  collaboration = {Super-Kamiokande},
  title         = {{Evidence for oscillation of atmospheric neutrinos}},
  eprint        = {hep-ex/9807003},
  archiveprefix = {arXiv},
  reportnumber  = {BU-98-17, ICRR-REPORT-422-98-18, UCI-98-8, KEK-PREPRINT-98-95, LSU-HEPA-5-98, UMD-98-003, SBHEP-98-5, TKU-PAP-98-06, TIT-HPE-98-09},
  doi           = {10.1103/PhysRevLett.81.1562},
  journal       = {Phys. Rev. Lett.},
  volume        = {81},
  pages         = {1562--1567},
  year          = {1998}
}
@article{BELLERIVE201630,
  author        = {Bellerive, A. and Klein, J. R. and McDonald, A. B. and Noble, A. J. and Poon, A. W. P.},
  collaboration = {SNO},
  title         = {{The Sudbury Neutrino Observatory}},
  eprint        = {1602.02469},
  archiveprefix = {arXiv},
  primaryclass  = {nucl-ex},
  doi           = {10.1016/j.nuclphysb.2016.04.035},
  journal       = {Nucl. Phys. B},
  volume        = {908},
  pages         = {30--51},
  year          = {2016}
}
@article{Qian_2015,
  author        = {Qian, X. and Vogel, P.},
  title         = {{Neutrino Mass Hierarchy}},
  eprint        = {1505.01891},
  archiveprefix = {arXiv},
  primaryclass  = {hep-ex},
  reportnumber  = {BNL-108037-2015-JA},
  doi           = {10.1016/j.ppnp.2015.05.002},
  journal       = {Prog. Part. Nucl. Phys.},
  volume        = {83},
  pages         = {1--30},
  year          = {2015}
}
@article{aker2024directneutrinomassmeasurementbased,
  author        = {Aker, M. and others},
  collaboration = {Katrin},
  title         = {{Direct neutrino-mass measurement based on 259 days of KATRIN data}},
  eprint        = {2406.13516},
  archiveprefix = {arXiv},
  primaryclass  = {nucl-ex},
  month         = {6},
  year          = {2024}
}
@misc{CERN_courier_nu_mass,
  title  = { Neutrino mass puzzle},
  author = {André de Gouvêa},
  url    = {https://cerncourier.com/a/the-neutrino-mass-puzzle/#:~:text=Though%20there%20are%20too%20many,or%20through%20a%20different%20mechanism}
}
@article{PhysRevLett.58.1490,
  author        = {Hirata, K. and others},
  editor        = {Wali, K. C.},
  collaboration = {Kamiokande-II},
  title         = {{Observation of a Neutrino Burst from the Supernova SN 1987a}},
  reportnumber  = {UT-ICEPP-87-01, UPR-142E},
  doi           = {10.1103/PhysRevLett.58.1490},
  journal       = {Phys. Rev. Lett.},
  volume        = {58},
  pages         = {1490--1493},
  year          = {1987}
}
@article{PhysRevLett.111.021103,
  author        = {Aartsen, M. G. and others},
  collaboration = {IceCube},
  title         = {{First observation of PeV-energy neutrinos with IceCube}},
  eprint        = {1304.5356},
  archiveprefix = {arXiv},
  primaryclass  = {astro-ph.HE},
  doi           = {10.1103/PhysRevLett.111.021103},
  journal       = {Phys. Rev. Lett.},
  volume        = {111},
  pages         = {021103},
  year          = {2013}
}
@article{doi:10.1126/science.1242856,
  author        = {Aartsen, M. G. and others},
  collaboration = {IceCube},
  title         = {{Evidence for High-Energy Extraterrestrial Neutrinos at the IceCube Detector}},
  eprint        = {1311.5238},
  archiveprefix = {arXiv},
  primaryclass  = {astro-ph.HE},
  doi           = {10.1126/science.1242856},
  journal       = {Science},
  volume        = {342},
  pages         = {1242856},
  year          = {2013}
}
@article{Abbasi_2023_Oscillation,
  author        = {Abbasi, R. and others},
  collaboration = {IceCube},
  title         = {{Measurement of atmospheric neutrino mixing with improved IceCube DeepCore calibration and data processing}},
  eprint        = {2304.12236},
  archiveprefix = {arXiv},
  primaryclass  = {hep-ex},
  doi           = {10.1103/PhysRevD.108.012014},
  journal       = {Phys. Rev. D},
  volume        = {108},
  number        = {1},
  pages         = {012014},
  year          = {2023}
}
@article{psf2023008007,
  author  = {Prado Rodriguez, Maria},
  title   = {{Neutrino Mass Ordering with IceCube DeepCore}},
  doi     = {10.3390/psf2023008007},
  journal = {Phys. Sci. Forum},
  volume  = {8},
  number  = {1},
  pages   = {7},
  year    = {2023}
}
@inproceedings{scott2024cosmicneutrinobackground,
  author        = {Scott, Douglas},
  title         = {{The Cosmic Neutrino Background}},
  booktitle     = {{International School of Physics ''Enrico Fermi'' in collaboration with the summer schools ISAPP}: {Neutrino Physics, Astrophysics and Cosmology}},
  eprint        = {2402.16243},
  archiveprefix = {arXiv},
  primaryclass  = {astro-ph.CO},
  month         = {2},
  year          = {2024}
}
@article{Vitagliano:2019yzm,
  author        = {Vitagliano, Edoardo and Tamborra, Irene and Raffelt, Georg},
  title         = {{Grand Unified Neutrino Spectrum at Earth: Sources and Spectral Components}},
  eprint        = {1910.11878},
  archiveprefix = {arXiv},
  primaryclass  = {astro-ph.HE},
  reportnumber  = {MPP-2019-205},
  doi           = {10.1103/RevModPhys.92.045006},
  journal       = {Rev. Mod. Phys.},
  volume        = {92},
  pages         = {45006},
  year          = {2020}
}
@misc{Ahlers:ISAPP2022,
  author = {Ahlers, Markus},
  title = {ISAPP lecture on high energy neutrino astronomy},
  url = {https://indico.ijclab.in2p3.fr/event/7633/contributions/25553/attachments/18579/24903/Ahlers_ISAPP2022_Saclay.pdf},
  year = {2022}
}
@article{10.1143/PTP.28.870,
  author  = {Maki, Ziro and Nakagawa, Masami and Sakata, Shoichi},
  title   = {{Remarks on the unified model of elementary particles}},
  doi     = {10.1143/PTP.28.870},
  journal = {Prog. Theor. Phys.},
  volume  = {28},
  pages   = {870--880},
  year    = {1962}
}
@article{Pontecorvo:1957qd,
    author = "Pontecorvo, B.",
    title = "{Inverse beta processes and nonconservation of lepton charge}",
    journal = "Zh. Eksp. Teor. Fiz.",
    volume = "34",
    pages = "247",
    year = "1957"
}
@article{Lipari_2007,
  author        = {Lipari, Paolo and Lusignoli, Maurizio and Meloni, Davide},
  title         = {{Flavor Composition and Energy Spectrum of Astrophysical Neutrinos}},
  eprint        = {0704.0718},
  archiveprefix = {arXiv},
  primaryclass  = {astro-ph},
  doi           = {10.1103/PhysRevD.75.123005},
  journal       = {Phys. Rev. D},
  volume        = {75},
  pages         = {123005},
  year          = {2007}
}
@article{PhysRevD.110.022001,
  author        = {Abbasi, R. and others},
  collaboration = {IceCube},
  title         = {{Characterization of the astrophysical diffuse neutrino flux using starting track events in IceCube}},
  eprint        = {2402.18026},
  archiveprefix = {arXiv},
  primaryclass  = {astro-ph.HE},
  doi           = {10.1103/PhysRevD.110.022001},
  journal       = {Phys. Rev. D},
  volume        = {110},
  number        = {2},
  pages         = {022001},
  year          = {2024}
}
@article{Abbasi_2023_supernova_emission,
  author        = {Abbasi, R. and others},
  collaboration = {IceCube},
  title         = {{Constraining High-energy Neutrino Emission from Supernovae with IceCube}},
  eprint        = {2303.03316},
  archiveprefix = {arXiv},
  primaryclass  = {astro-ph.HE},
  doi           = {10.3847/2041-8213/acd2c9},
  journal       = {Astrophys. J. Lett.},
  volume        = {949},
  number        = {1},
  pages         = {L12},
  year          = {2023}
}
@article{Condorelli_2023_starburst,
  author        = {Condorelli, Antonio and Boncioli, Denise and Peretti, Enrico and Petrera, Sergio},
  title         = {{Testing hadronic and photohadronic interactions as responsible for ultrahigh energy cosmic rays and neutrino fluxes from starburst galaxies}},
  eprint        = {2209.08593},
  archiveprefix = {arXiv},
  primaryclass  = {astro-ph.HE},
  doi           = {10.1103/PhysRevD.107.083009},
  journal       = {Phys. Rev. D},
  volume        = {107},
  number        = {8},
  pages         = {083009},
  year          = {2023}
}
@article{Murase_2023,
  title     = {High-Energy Neutrinos from Active Galactic Nuclei},
  isbn      = {9789811282645},
  url       = {http://dx.doi.org/10.1142/9789811282645_0010},
  doi       = {10.1142/9789811282645_0010},
  booktitle = {The Encyclopedia of Cosmology},
  publisher = {WORLD SCIENTIFIC},
  author    = {Murase, Kohta and Stecker, Floyd W.},
  year      = {2023},
  month     = oct,
  pages     = {483–540}
}
@article{2003ApJ...595..346Z,
  author        = {Zhang, Bing and Dai, Z. G. and Meszaros, P.},
  title         = {{High-energy neutrinos from magnetars}},
  eprint        = {astro-ph/0210382},
  archiveprefix = {arXiv},
  doi           = {10.1086/377192},
  journal       = {Astrophys. J.},
  volume        = {595},
  pages         = {346--351},
  year          = {2003}
}
@article{Berezinsky:1970xj,
  author  = {Berezinsky, V. S. and Zatsepin, G. T.},
  title   = {{Cosmic neutrinos of superhigh energy}},
  journal = {Yad. Fiz.},
  volume  = {11},
  pages   = {200--205},
  year    = {1970}
}
@article{Ehlert_2024,
  author        = {Ehlert, Domenik and van Vliet, Arjen and Oikonomou, Foteini and Winter, Walter},
  title         = {{Constraints on the proton fraction of cosmic rays at the highest energies and the consequences for cosmogenic neutrinos and photons}},
  eprint        = {2304.07321},
  archiveprefix = {arXiv},
  primaryclass  = {astro-ph.HE},
  doi           = {10.1088/1475-7516/2024/02/022},
  journal       = {JCAP},
  volume        = {02},
  pages         = {022},
  year          = {2024}
}
@article{Aloisio_2015,
  author        = {Aloisio, R. and Boncioli, D. and di Matteo, A and Grillo, A. F. and Petrera, S. and Salamida, F.},
  title         = {{Cosmogenic neutrinos and ultra-high energy cosmic ray models}},
  eprint        = {1505.04020},
  archiveprefix = {arXiv},
  primaryclass  = {astro-ph.HE},
  doi           = {10.1088/1475-7516/2015/10/006},
  journal       = {JCAP},
  volume        = {10},
  pages         = {006},
  year          = {2015}
}
@article{KAMPERT2012660,
  author        = {Kampert, Karl-Heinz and Unger, Michael},
  title         = {{Measurements of the Cosmic Ray Composition with Air Shower Experiments}},
  eprint        = {1201.0018},
  archiveprefix = {arXiv},
  primaryclass  = {astro-ph.HE},
  doi           = {10.1016/j.astropartphys.2012.02.004},
  journal       = {Astropart. Phys.},
  volume        = {35},
  pages         = {660--678},
  year          = {2012}
}
@article{AlvesBatista:2018zui,
  author        = {Alves Batista, Rafael and de Almeida, Rogerio M. and Lago, Bruno and Kotera, Kumiko},
  title         = {{Cosmogenic photon and neutrino fluxes in the Auger era}},
  eprint        = {1806.10879},
  archiveprefix = {arXiv},
  primaryclass  = {astro-ph.HE},
  doi           = {10.1088/1475-7516/2019/01/002},
  journal       = {JCAP},
  volume        = {01},
  pages         = {002},
  year          = {2019}
}
@article{Heinze:2019jou,
  author        = {Heinze, Jonas and Fedynitch, Anatoli and Boncioli, Denise and Winter, Walter},
  title         = {{A new view on Auger data and cosmogenic neutrinos in light of different nuclear disintegration and air-shower models}},
  eprint        = {1901.03338},
  archiveprefix = {arXiv},
  primaryclass  = {astro-ph.HE},
  reportnumber  = {DESY-19-016},
  doi           = {10.3847/1538-4357/ab05ce},
  journal       = {Astrophys. J.},
  volume        = {873},
  number        = {1},
  pages         = {88},
  year          = {2019}
}
@article{10.1111/j.1365-2966.2008.13366.x,
  author        = {Myers, Zacharia and Nusser, Adi},
  title         = {{Searching for Neutrinos from WIMP Annihilations in the Galactic Stellar Disk}},
  eprint        = {0804.0554},
  archiveprefix = {arXiv},
  primaryclass  = {astro-ph},
  doi           = {10.1111/j.1365-2966.2008.13366.x},
  journal       = {Mon. Not. Roy. Astron. Soc.},
  volume        = {387},
  pages         = {1712},
  year          = {2008}
}
@article{PhysRevD.108.123021,
  author        = {Arg\"uelles, Carlos A. and Delgado, Diyaselis and Friedlander, Avi and Kheirandish, Ali and Safa, Ibrahim and Vincent, Aaron C. and White, Henry},
  title         = {{Dark matter decay to neutrinos}},
  eprint        = {2210.01303},
  archiveprefix = {arXiv},
  primaryclass  = {hep-ph},
  doi           = {10.1103/PhysRevD.108.123021},
  journal       = {Phys. Rev. D},
  volume        = {108},
  number        = {12},
  pages         = {123021},
  year          = {2023}
}
@article{Formaggio_2012,
  author        = {Formaggio, J. A. and Zeller, G. P.},
  title         = {{From eV to EeV: Neutrino Cross Sections Across Energy Scales}},
  eprint        = {1305.7513},
  archiveprefix = {arXiv},
  primaryclass  = {hep-ex},
  reportnumber  = {FERMILAB-PUB-12-785-E},
  doi           = {10.1103/RevModPhys.84.1307},
  journal       = {Rev. Mod. Phys.},
  volume        = {84},
  pages         = {1307--1341},
  year          = {2012}
}
@article{PhysRev.118.316,
  author  = {Glashow, Sheldon L.},
  title   = {{Resonant Scattering of Antineutrinos}},
  doi     = {10.1103/PhysRev.118.316},
  journal = {Phys. Rev.},
  volume  = {118},
  pages   = {316--317},
  year    = {1960}
}
@article{IceCube:2021rpz,
  author        = {Aartsen, M. G. and others},
  collaboration = {IceCube},
  title         = {{Detection of a particle shower at the Glashow resonance with IceCube}},
  eprint        = {2110.15051},
  archiveprefix = {arXiv},
  primaryclass  = {hep-ex},
  doi           = {10.1038/s41586-021-03256-1},
  journal       = {Nature},
  volume        = {591},
  number        = {7849},
  pages         = {220--224},
  year          = {2021},
  note          = {[Erratum: Nature 592, E11 (2021)]}
}
@article{PhysRevD.107.033009,
  author        = {Garcia Soto, Alfonso and Garg, Diksha and Reno, Mary Hall and Arg\"uelles, Carlos A.},
  title         = {{Probing quantum gravity with elastic interactions of ultrahigh-energy neutrinos}},
  eprint        = {2209.06282},
  archiveprefix = {arXiv},
  primaryclass  = {hep-ph},
  doi           = {10.1103/PhysRevD.107.033009},
  journal       = {Phys. Rev. D},
  volume        = {107},
  number        = {3},
  pages         = {033009},
  year          = {2023}
}
@article{Cooper_Sarkar_2011,
  author        = {Cooper-Sarkar, Amanda and Mertsch, Philipp and Sarkar, Subir},
  title         = {{The high energy neutrino cross-section in the Standard Model and its uncertainty}},
  eprint        = {1106.3723},
  archiveprefix = {arXiv},
  primaryclass  = {hep-ph},
  doi           = {10.1007/JHEP08(2011)042},
  journal       = {JHEP},
  volume        = {08},
  pages         = {042},
  year          = {2011}
}
@article{PierreAuger:2014zay,
  author        = {Aab, Alexander and others},
  collaboration = {Pierre Auger},
  title         = {{Muons in Air Showers at the Pierre Auger Observatory: Measurement of Atmospheric Production Depth}},
  eprint        = {1407.5919},
  archiveprefix = {arXiv},
  primaryclass  = {hep-ex},
  reportnumber  = {FERMILAB-PUB-14-246-AD-AE-CD-TD},
  doi           = {10.1103/PhysRevD.90.012012},
  journal       = {Phys. Rev. D},
  volume        = {90},
  number        = {1},
  pages         = {012012},
  year          = {2014},
  note          = {[Addendum: Phys.Rev.D 90, 039904 (2014), Erratum: Phys.Rev.D 92, 019903 (2015)]}
}
@article{aaron2010combined,
  author        = {Aaron, F. D. and others},
  collaboration = {H1, ZEUS},
  title         = {{Combined Measurement and QCD Analysis of the Inclusive e+- p Scattering Cross Sections at HERA}},
  eprint        = {0911.0884},
  archiveprefix = {arXiv},
  primaryclass  = {hep-ex},
  reportnumber  = {DESY-09-158},
  doi           = {10.1007/JHEP01(2010)109},
  journal       = {JHEP},
  volume        = {01},
  pages         = {109},
  year          = {2010}
}
@article{ALTARELLI1977298,
  author       = {Altarelli, Guido and Parisi, G.},
  title        = {{Asymptotic Freedom in Parton Language}},
  reportnumber = {LPTENS-77-6},
  doi          = {10.1016/0550-3213(77)90384-4},
  journal      = {Nucl. Phys. B},
  volume       = {126},
  pages        = {298--318},
  year         = {1977}
}
@article{Dokshitzer:1977sg,
  author  = {Dokshitzer, Yuri L.},
  title   = {{Calculation of the Structure Functions for Deep Inelastic Scattering and e+ e- Annihilation by Perturbation Theory in Quantum Chromodynamics.}},
  journal = {Sov. Phys. JETP},
  volume  = {46},
  pages   = {641--653},
  year    = {1977}
}
@article{Gribov:427157,
  author  = {Gribov, V. N. and Lipatov, L. N.},
  title   = {{Deep inelastic electron scattering in perturbation theory}},
  doi     = {10.1016/0370-2693(71)90576-4},
  journal = {Phys. Lett. B},
  volume  = {37},
  pages   = {78--80},
  year    = {1971}
}
@article{Aartsen_2017,
  author        = {Aartsen, M. G. and others},
  collaboration = {IceCube},
  title         = {{The IceCube Neutrino Observatory: Instrumentation and Online Systems}},
  eprint        = {1612.05093},
  archiveprefix = {arXiv},
  primaryclass  = {astro-ph.IM},
  doi           = {10.1088/1748-0221/12/03/P03012},
  journal       = {JINST},
  volume        = {12},
  number        = {03},
  pages         = {P03012},
  year          = {2017},
  note          = {[Erratum: JINST 19, E05001 (2024)]}
}
@article{WISCHNEWSKI1999412,
  author        = {Andres, E. and others},
  title         = {{The AMANDA neutrino telescope: Principle of operation and first results}},
  eprint        = {astro-ph/9906203},
  archiveprefix = {arXiv},
  reportnumber  = {DESY-99-073},
  doi           = {10.1016/S0927-6505(99)00092-4},
  journal       = {Astropart. Phys.},
  volume        = {13},
  pages         = {1--20},
  year          = {2000}
}
@article{Arisaka:1984aoa,
  author  = {Arisaka, K. and others},
  title   = {{KAMIOKA Nucleon Decay Experiments; status and performance}},
  doi     = {10.1063/1.34507},
  journal = {AIP Conf. Proc.},
  volume  = {114},
  pages   = {54--76},
  year    = {1984}
}
@article{CREUSOT2013489,
  author        = {Creusot, A.},
  editor        = {Cervelli, Franco and Chiarelli, Giorgio and Forti, Francesco and Grassi, Marco and Scribano, Angelo},
  collaboration = {ANTARES},
  title         = {{The Antares detector}},
  doi           = {10.1016/j.nima.2012.11.071},
  journal       = {Nucl. Instrum. Meth. A},
  volume        = {718},
  pages         = {489--491},
  year          = {2013}
}
@article{MARGIOTTA201483,
  author        = {Margiotta, Annarita},
  editor        = {Sumiyoshi, T. and Hallewell, G. and Hofmann, W. and Iijima, T. and Nappi, E. and Krizan, P.},
  collaboration = {KM3NeT},
  title         = {{The KM3NeT deep-sea neutrino telescope}},
  eprint        = {1408.1392},
  archiveprefix = {arXiv},
  primaryclass  = {astro-ph.IM},
  doi           = {10.1016/j.nima.2014.05.090},
  journal       = {Nucl. Instrum. Meth. A},
  volume        = {766},
  pages         = {83--87},
  year          = {2014}
}
@article{MALYSHKIN2023168117,
  author        = {Malyshkin, Yury},
  collaboration = {Baikal-GVD},
  title         = {{Baikal-GVD neutrino telescope: Design reference 2022}},
  doi           = {10.1016/j.nima.2023.168117},
  journal       = {Nucl. Instrum. Meth. A},
  volume        = {1050},
  pages         = {168117},
  year          = {2023}
}
@article{P-ONE:2020ljt,
  author        = {Agostini, Matteo and others},
  collaboration = {P-ONE},
  title         = {{The Pacific Ocean Neutrino Experiment}},
  eprint        = {2005.09493},
  archiveprefix = {arXiv},
  primaryclass  = {astro-ph.HE},
  doi           = {10.1038/s41550-020-1182-4},
  journal       = {Nature Astron.},
  volume        = {4},
  number        = {10},
  pages         = {913--915},
  year          = {2020}
}
@article{Askaryan:1961pfb,
  author  = {Askar'yan, G. A.},
  title   = {{Excess negative charge of an electron-photon shower and its coherent radio emission}},
  journal = {Zh. Eksp. Teor. Fiz.},
  volume  = {41},
  pages   = {616--618},
  year    = {1961}
}
@article{PhysRevD.84.103003,
  author        = {Alvarez-Muniz, Jaime and Romero-Wolf, Andres and Zas, Enrique},
  title         = {{Practical and accurate calculations of Askaryan radiation}},
  eprint        = {1106.6283},
  archiveprefix = {arXiv},
  primaryclass  = {astro-ph.HE},
  doi           = {10.1103/PhysRevD.84.103003},
  journal       = {Phys. Rev. D},
  volume        = {84},
  pages         = {103003},
  year          = {2011}
}
@article{ANITA:2008mzi,
  author        = {Gorham, P. W. and others},
  collaboration = {ANITA},
  title         = {{The Antarctic Impulsive Transient Antenna Ultra-high Energy Neutrino Detector Design, Performance, and Sensitivity for 2006-2007 Balloon Flight}},
  eprint        = {0812.1920},
  archiveprefix = {arXiv},
  primaryclass  = {astro-ph},
  doi           = {10.1016/j.astropartphys.2009.05.003},
  journal       = {Astropart. Phys.},
  volume        = {32},
  pages         = {10--41},
  year          = {2009}
}
@article{Schoorlemmer_2016,
  author        = {Schoorlemmer, H. and others},
  title         = {{Energy and Flux Measurements of Ultra-High Energy Cosmic Rays Observed During the First ANITA Flight}},
  eprint        = {1506.05396},
  archiveprefix = {arXiv},
  primaryclass  = {astro-ph.HE},
  doi           = {10.1016/j.astropartphys.2016.01.001},
  journal       = {Astropart. Phys.},
  volume        = {77},
  pages         = {32--43},
  year          = {2016}
}
@article{Aguilar_2021,
  author        = {Aguilar, J. A. and others},
  collaboration = {RNO-G},
  title         = {{Design and Sensitivity of the Radio Neutrino Observatory in Greenland (RNO-G)}},
  eprint        = {2010.12279},
  archiveprefix = {arXiv},
  primaryclass  = {astro-ph.IM},
  doi           = {10.1088/1748-0221/16/03/P03025},
  journal       = {JINST},
  volume        = {16},
  number        = {03},
  pages         = {P03025},
  year          = {2021},
  note          = {[Erratum: JINST 18, E03001 (2023)]}
}
@article{Aartsen_2021_Gen-2,
  author        = {Aartsen, M. G. and others},
  collaboration = {IceCube-Gen2},
  title         = {{IceCube-Gen2: the window to the extreme Universe}},
  eprint        = {2008.04323},
  archiveprefix = {arXiv},
  primaryclass  = {astro-ph.HE},
  doi           = {10.1088/1361-6471/abbd48},
  journal       = {J. Phys. G},
  volume        = {48},
  number        = {6},
  pages         = {060501},
  year          = {2021}
}
@article{LAHMANN2012S216,
  author        = {Lahmann, Robert},
  editor        = {Ravel, Olivier and Revenu, Benoit and Martin, Lilian and Dallier, Richard and Lautridou, Pascal},
  collaboration = {ANTARES},
  title         = {{Status and Recent Results of the Acoustic Neutrino Detection Test System AMADEUS}},
  eprint        = {1104.3041},
  archiveprefix = {arXiv},
  primaryclass  = {astro-ph.IM},
  doi           = {10.1016/j.nima.2010.11.157},
  journal       = {Nucl. Instrum. Meth. A},
  volume        = {662},
  pages         = {S216--S221},
  year          = {2012}
}
@article{Karg_2012,
  author        = {Karg, Timo},
  editor        = {Ravel, Olivier and Revenu, Benoit and Martin, Lilian and Dallier, Richard and Lautridou, Pascal},
  collaboration = {IceCube},
  title         = {{Status and recent results of the South Pole Acoustic Test Setup}},
  eprint        = {1010.2025},
  archiveprefix = {arXiv},
  primaryclass  = {astro-ph.IM},
  doi           = {10.1016/j.nima.2010.10.122},
  journal       = {Nucl. Instrum. Meth. A},
  volume        = {662},
  pages         = {S36--S41},
  year          = {2012}
}
@article{Marinelli_2022,
  author        = {Marinelli, Antonio and Migliozzi, Pasquale and Simonelli, Andreino},
  title         = {{Acoustic neutrino detection in a Adriatic multidisciplinary observatory (ANDIAMO)}},
  eprint        = {2109.15199},
  archiveprefix = {arXiv},
  primaryclass  = {astro-ph.IM},
  doi           = {10.1016/j.astropartphys.2022.102760},
  journal       = {Astropart. Phys.},
  volume        = {143},
  pages         = {102760},
  year          = {2022}
}
@article{Prohira_2021,
  author        = {Prohira, S. and others},
  collaboration = {Radar Echo Telescope},
  title         = {{The Radar Echo Telescope for Cosmic Rays: Pathfinder experiment for a next-generation neutrino observatory}},
  eprint        = {2104.00459},
  archiveprefix = {arXiv},
  primaryclass  = {astro-ph.IM},
  doi           = {10.1103/PhysRevD.104.102006},
  journal       = {Phys. Rev. D},
  volume        = {104},
  number        = {10},
  pages         = {102006},
  year          = {2021}
}
@article{Arguelles:2024xkx,
  author        = {Arg\"uelles, C. A. and Halzen, F. and Kurahashi, N.},
  title         = {{From the Dawn of Neutrino Astronomy to A New View of the Extreme Universe}},
  eprint        = {2405.17623},
  archiveprefix = {arXiv},
  primaryclass  = {hep-ex},
  month         = {5},
  year          = {2024}
}
@article{Aartsen_2014_first_flux,
  author        = {Aartsen, M. G. and others},
  collaboration = {IceCube},
  title         = {{Search for a diffuse flux of astrophysical muon neutrinos with the IceCube 59-string configuration}},
  eprint        = {1311.7048},
  archiveprefix = {arXiv},
  primaryclass  = {astro-ph.HE},
  doi           = {10.1103/PhysRevD.89.062007},
  journal       = {Phys. Rev. D},
  volume        = {89},
  number        = {6},
  pages         = {062007},
  year          = {2014}
}
@article{Albert_2021,
  author        = {Albert, A. and others},
  collaboration = {ANTARES},
  title         = {{ANTARES Search for Point Sources of Neutrinos Using Astrophysical Catalogs: A Likelihood Analysis}},
  eprint        = {2012.15082},
  archiveprefix = {arXiv},
  primaryclass  = {astro-ph.HE},
  doi           = {10.3847/1538-4357/abe53c},
  journal       = {Astrophys. J.},
  volume        = {911},
  number        = {1},
  pages         = {48},
  year          = {2021}
}
@article{Abbasi_2009_Amanda,
  author        = {Abbasi, R. and others},
  collaboration = {IceCube},
  title         = {{Search for Point Sources of High Energy Neutrinos with Final Data from AMANDA-II}},
  eprint        = {0809.1646},
  archiveprefix = {arXiv},
  primaryclass  = {astro-ph},
  doi           = {10.1103/PhysRevD.79.062001},
  journal       = {Phys. Rev. D},
  volume        = {79},
  pages         = {062001},
  year          = {2009}
}
@article{Allakhverdyan_2023,
  author        = {Allakhverdyan, V. A. and others},
  collaboration = {Baikal-GVD},
  title         = {{Search for directional associations between baikal gigaton volume detector neutrino-induced cascades and high-energy astrophysical sources}},
  eprint        = {2307.07327},
  archiveprefix = {arXiv},
  primaryclass  = {astro-ph.HE},
  doi           = {10.1093/mnras/stad2641},
  journal       = {Mon. Not. Roy. Astron. Soc.},
  volume        = {526},
  number        = {1},
  pages         = {942--951},
  year          = {2023}
}
@article{eichler1979high,
  author  = {Eichler, D.},
  title   = {{High-energy neutrino astronomy-A probe of galactic nuclei?}},
  doi     = {10.1086/157269},
  journal = {Astrophys. J.},
  volume  = {232},
  pages   = {106--112},
  year    = {1979}
}
@article{berezinsky1981high,
  title     = {On high-energy neutrino radiation of quasars and active galactic nuclei},
  author    = {Berezinsky, VS and Ginzburg, VL},
  journal   = {Monthly Notices of the Royal Astronomical Society},
  volume    = {194},
  number    = {1},
  pages     = {3--14},
  year      = {1981},
  publisher = {Oxford University Press Oxford, UK}
}
@article{Abadie_2012,
  author        = {Abadie, J. and others},
  collaboration = {LIGO Scientific},
  title         = {{Implications For The Origin Of GRB 051103 From LIGO Observations}},
  eprint        = {1201.4413},
  archiveprefix = {arXiv},
  primaryclass  = {astro-ph.HE},
  doi           = {10.1088/0004-637X/755/1/2},
  journal       = {Astrophys. J.},
  volume        = {755},
  pages         = {2},
  year          = {2012}
}
@article{Albert_2017_GW170817,
  author        = {Albert, A. and others},
  collaboration = {ANTARES, IceCube, Pierre Auger, LIGO Scientific, Virgo},
  title         = {{Search for High-energy Neutrinos from Binary Neutron Star Merger GW170817 with ANTARES, IceCube, and the Pierre Auger Observatory}},
  eprint        = {1710.05839},
  archiveprefix = {arXiv},
  primaryclass  = {astro-ph.HE},
  reportnumber  = {LIGO-P1700344, FERMILAB-PUB-17-471-ND-TD, LIGO-P1700344},
  doi           = {10.3847/2041-8213/aa9aed},
  journal       = {Astrophys. J. Lett.},
  volume        = {850},
  number        = {2},
  pages         = {L35},
  year          = {2017}
}
@article{Al_Kharusi_2021,
  author        = {Al Kharusi, S. and others},
  collaboration = {SNEWS},
  title         = {{SNEWS 2.0: a next-generation supernova early warning system for multi-messenger astronomy}},
  eprint        = {2011.00035},
  archiveprefix = {arXiv},
  primaryclass  = {astro-ph.HE},
  doi           = {10.1088/1367-2630/abde33},
  journal       = {New J. Phys.},
  volume        = {23},
  number        = {3},
  pages         = {031201},
  year          = {2021}
}
@article{Smith_2013,
  author        = {Smith, M. W. E. and others},
  title         = {{The Astrophysical Multimessenger Observatory Network (AMON)}},
  eprint        = {1211.5602},
  archiveprefix = {arXiv},
  primaryclass  = {astro-ph.HE},
  doi           = {10.1016/j.astropartphys.2013.03.003},
  journal       = {Astropart. Phys.},
  volume        = {45},
  pages         = {56--70},
  year          = {2013}
}
@article{10.3389/fspas.2019.00024,
  author        = {Aab, Alexander and others},
  collaboration = {Pierre Auger},
  title         = {{Multi-Messenger Physics with the Pierre Auger Observatory}},
  eprint        = {1904.11918},
  archiveprefix = {arXiv},
  primaryclass  = {astro-ph.HE},
  reportnumber  = {FERMILAB-PUB-19-135-ND-PPD-TD},
  doi           = {10.3389/fspas.2019.00024},
  journal       = {Front. Astron. Space Sci.},
  volume        = {6},
  pages         = {24},
  year          = {2019}
}
@article{2022_spatial_corr_nu_cr,
  author        = {Albert, A. and others},
  collaboration = {IceCube, Pierre Auger, Telescope Array, Auger, ANTARES},
  title         = {{Search for Spatial Correlations of Neutrinos with Ultra-high-energy Cosmic Rays}},
  eprint        = {2201.07313},
  archiveprefix = {arXiv},
  primaryclass  = {astro-ph.HE},
  reportnumber  = {FERMILAB-PUB-22-033-AD-PPD-SCD-TD},
  doi           = {10.3847/1538-4357/ac6def},
  journal       = {Astrophys. J.},
  volume        = {934},
  number        = {2},
  pages         = {164},
  year          = {2022}
}
@book{heitler1984quantum,
  author    = {Heitler, W.},
  title     = {{The quantum theory of radiation}},
  publisher = {Oxford University Press},
  address   = {Oxford},
  series    = {International Series of Monographs on Physics},
  volume    = {5},
  year      = {1936}
}
@article{MATTHEWS2005387,
  author  = {Matthews, J.},
  title   = {{A Heitler model of extensive air showers}},
  doi     = {10.1016/j.astropartphys.2004.09.003},
  journal = {Astropart. Phys.},
  volume  = {22},
  pages   = {387--397},
  year    = {2005}
}
@article{PhysRevD.66.033011,
  author        = {Alvarez-Muniz, Jaime and Engel, Ralph and Gaisser, T. K. and Ortiz, Jeferson A. and Stanev, Todor},
  title         = {{Hybrid simulations of extensive air showers}},
  eprint        = {astro-ph/0205302},
  archiveprefix = {arXiv},
  reportnumber  = {BA-02-20},
  doi           = {10.1103/PhysRevD.66.033011},
  journal       = {Phys. Rev. D},
  volume        = {66},
  pages         = {033011},
  year          = {2002}
}
@article{Pierog:2006qv,
  author        = {Pierog, T. and Werner, Klaus},
  title         = {{Muon Production in Extended Air Shower Simulations}},
  eprint        = {astro-ph/0611311},
  archiveprefix = {arXiv},
  doi           = {10.1103/PhysRevLett.101.171101},
  journal       = {Phys. Rev. Lett.},
  volume        = {101},
  pages         = {171101},
  year          = {2008}
}
@article{Linsley_1977,
author        = {Linsley, J.},
title = {Proc. 15th ICRC, Plovdiv, Bulgaria, vol. 12, p.89},
year          = {1977},
volume    = {12},
pages     = {89},
}
@article{Fowler_2001,
  author        = {Fowler, J. W. and Fortson, L. F. and Jui, C. C. H. and Kieda, D. B. and Ong, R. A. and Pryke, C. L. and Sommers, P.},
  title         = {{A Measurement of the cosmic ray spectrum and composition at the knee}},
  eprint        = {astro-ph/0003190},
  archiveprefix = {arXiv},
  doi           = {10.1016/S0927-6505(00)00139-0},
  journal       = {Astropart. Phys.},
  volume        = {15},
  pages         = {49--64},
  year          = {2001}
}
@article{Wibig_2022,
  author        = {Wibig, Tadeusz},
  title         = {{Testing the superposition model in small CORSIKA shower simulations}},
  eprint        = {2107.11591},
  archiveprefix = {arXiv},
  primaryclass  = {astro-ph.HE},
  doi           = {10.1088/1361-6471/ac4da7},
  journal       = {J. Phys. G},
  volume        = {49},
  number        = {3},
  pages         = {035201},
  year          = {2022}
}
@article{LI2013503,
  author  = {Jun-Sheng Li and Dong-Hai Zhang and Hui-Ling Li and N. Yasuda},
  year    = {2013},
  month   = {07},
  pages   = {503-506},
  title   = {Projectile fragmentation of 500 A MeV 56Fe in nuclear emulsion},
  volume  = {307},
  journal = {Nuclear Instruments and Methods in Physics Research B},
  doi     = {10.1016/j.nimb.2012.12.068}
}
@article{Albrecht_2022_muon_puzzle,
  author        = {Albrecht, Johannes and others},
  title         = {{The Muon Puzzle in cosmic-ray induced air showers and its connection to the Large Hadron Collider}},
  eprint        = {2105.06148},
  archiveprefix = {arXiv},
  primaryclass  = {astro-ph.HE},
  doi           = {10.1007/s10509-022-04054-5},
  journal       = {Astrophys. Space Sci.},
  volume        = {367},
  number        = {3},
  pages         = {27},
  year          = {2022}
}
@article{Landau:1953um,
  author  = {Landau, L. D. and Pomeranchuk, I.},
  title   = {{Limits of applicability of the theory of bremsstrahlung electrons and pair production at high-energies}},
  journal = {Dokl. Akad. Nauk Ser. Fiz.},
  volume  = {92},
  pages   = {535--536},
  year    = {1953}
}
@article{PhysRev.103.1811,
  author  = {Migdal, A. B.},
  title   = {{Bremsstrahlung and pair production in condensed media at high-energies}},
  doi     = {10.1103/PhysRev.103.1811},
  journal = {Phys. Rev.},
  volume  = {103},
  pages   = {1811--1820},
  year    = {1956}
}
@article{sandrock2023validationelectromagneticshowerscorsika,
  author        = {Sandrock, Alexander and Alameddine, Jean-Marco and Riehn, Felix},
  collaboration = {CORSIKA},
  title         = {{Validation of Electromagnetic Showers in CORSIKA 8}},
  eprint        = {2308.07112},
  archiveprefix = {arXiv},
  primaryclass  = {astro-ph.HE},
  doi           = {10.22323/1.444.0393},
  journal       = {PoS},
  volume        = {ICRC2023},
  pages         = {393},
  year          = {2023}
}
@inproceedings{1977ICRC....8..353G,
  author    = {{Gaisser}, T.~K. and {Hillas}, A.~M.},
  title     = {{Reliability of the Method of Constant Intensity Cuts for Reconstructing the Average Development of Vertical Showers}},
  booktitle = {International Cosmic Ray Conference},
  year      = 1977,
  volume    = {8},
  month     = jan
}
@phdthesis{thesis:mayotte2021,
  author = {{Mayotte, Sonja}},
  title  = {{Study of the cosmic ray composition sensitivity of AugerPrime: probing the prospects of the upgrade to the Pierre Auger Observatory with a deep learning approach}},
  school = {{Bergische Universität Wuppertal}},
  address= {{Wuppertal}},
  type   = {{thesis}},
  doi    = {10.25926/99h7-fc44},
  year   = {{June 2021}}
}
@article{Greisen:1960wc,
  author  = {Greisen, K.},
  title   = {{Cosmic ray showers}},
  doi     = {10.1146/annurev.ns.10.120160.000431},
  journal = {Ann. Rev. Nucl. Part. Sci.},
  volume  = {10},
  pages   = {63--108},
  year    = {1960}
}
@article{10.1143/PTPS.6.93,
  author  = {Kamata, Koichi and Nishimura, Jun},
  title   = {{The Lateral and the Angular Structure Functions of Electron Showers}},
  doi     = {10.1143/PTPS.6.93},
  journal = {Prog. Theor. Phys. Suppl.},
  volume  = {6},
  pages   = {93--155},
  year    = {1958}
}
@article{A_M_Hillas_1982,
title = {Angular and energy distributions of charged particles in electron-photon cascades in air},
author = {A M Hillas},
journal = {Journal of Physics G: Nuclear Physics},
doi = {10.1088/0305-4616/8/10/016},
year = {1982},
month = {oct},
publisher = {},
volume = {8},
number = {10},
pages = {1461},
}
@article{Fedosimova:2017vxz,
  author  = {Fedosimova, Anastasiya and Kharchevnikov, Pavel and Lebedev, Igor and Temiraliev, Abzal},
  editor  = {Pattison, B.},
  title   = {{Applying universality in the development of cascade processes for the research of high energy cosmic particles in space experiments}},
  doi     = {10.1051/epjconf/201614510004},
  journal = {EPJ Web Conf.},
  volume  = {145},
  pages   = {10004},
  year    = {2017}
}
@article{Bridgeman:2017MD,
  author  = {Bridgeman, Ariel},
  title   = {{Shower universality reconstruction of data from the Pierre Auger Observatory and validations with hadronic interaction models}},
  doi     = {10.22323/1.301.0323},
  journal = {PoS},
  year    = 2017,
  volume  = {ICRC2017},
  pages   = {323}
}
@article{Ulrich_2009,
  author        = {Ulrich, Ralf and Blumer, Johannes and Engel, Ralph and Schussler, Fabian and Unger, Michael},
  title         = {{On the measurement of the proton-air cross section using air shower data}},
  eprint        = {0903.0404},
  archiveprefix = {arXiv},
  primaryclass  = {astro-ph.HE},
  doi           = {10.1088/1367-2630/11/6/065018},
  journal       = {New J. Phys.},
  volume        = {11},
  pages         = {065018},
  year          = {2009}
}
@article{cazon2024protonairinteractionsultrahighenergies,
  author        = {Cazon, Lorenzo and Concei\c{c}\~ao, Ruben and Martins, Miguel Alexandre and Riehn, Felix},
  title         = {{Proton-air interactions at ultra-high energies in muon-depleted air showers with different depths}},
  eprint        = {2406.08620},
  archiveprefix = {arXiv},
  primaryclass  = {astro-ph.HE},
  doi           = {10.1016/j.physletb.2024.139115},
  journal       = {Phys. Lett. B},
  volume        = {859},
  pages         = {139115},
  year          = {2024}
}
@article{1977PhRvL..39..847B,
  author       = {Bergeson, H. E. and Cassiday, G. L. and Chiu, T. -W. and Cooper, D. A. and Elbert, J. W. and Loh, E. C. and Steck, D. and West, W. J. and Linsley, John and Mason, G. W.},
  title        = {{Measurement of Light Emission from Remote Cosmic Ray Air Showers}},
  reportnumber = {UUCR-164},
  doi          = {10.1103/PhysRevLett.39.847},
  journal      = {Phys. Rev. Lett.},
  volume       = {39},
  pages        = {847--849},
  year         = {1977}
}
@article{BALTRUSAITIS1985410,
  author  = {Baltrusaitis, R. M. and others},
  title   = {{The Utah Fly's Eye detector}},
  doi     = {10.1016/0168-9002(85)90658-8},
  journal = {Nucl. Instrum. Meth. A},
  volume  = {240},
  pages   = {410--428},
  year    = {1985}
}
@article{BALTRUSAITIS198887,
  author  = {Baltrusaitis, R. M. and Cassiday, G. L. and Cooper, R. and Dawson, B. R. and Elbert, J. W. and Fick, B. E. and Liebing, D. F. and Loh, E. C. and Sokolsky, P. and Steck, D.},
  title   = {{The Fly's Eye Detector: Present and Future}},
  doi     = {10.1016/0168-9002(88)91107-2},
  journal = {Nucl. Instrum. Meth. A},
  volume  = {264},
  pages   = {87--92},
  year    = {1988}
}
@article{Cherenkov:1934ilx,
  author       = {Cherenkov, P. A.},
  title        = {{Visible luminescence of pure liquids under the influence of \ensuremath{\gamma}-radiation}},
  reportnumber = {AEC-tr-2358},
  doi          = {10.3367/UFNr.0093.196710n.0385},
  journal      = {Dokl. Akad. Nauk SSSR},
  volume       = {2},
  number       = {8},
  pages        = {451--454},
  year         = {1934}
}
@article{DYAKONOV1986224,
  title    = {The use of Cherenkov detectors at the Yakutsk cosmic ray extensive air shower array},
  journal  = {Nuclear Instruments and Methods in Physics Research Section A: Accelerators, Spectrometers, Detectors and Associated Equipment},
  volume   = {248},
  number   = {1},
  pages    = {224-226},
  year     = {1986},
  issn     = {0168-9002},
  doi      = {10.1016/0168-9002(86)90518-8},
  author   = {M.N. Dyakonov and S.P. Knurenko and V.A. Kolosov and D.D. Krasilnikov and F.F. Lischenyuk and I.E Sleptsov and S.I. Nikolsky}
}
@article{KUZMICHEV2020161830,
  author  = {Kuzmichev, L. and others},
  title   = {{Cherenkov EAS arrays in the Tunka astrophysical center: From Tunka-133 to the TAIGA gamma and cosmic ray hybrid detector}},
  doi     = {10.1016/j.nima.2019.01.056},
  journal = {Nucl. Instrum. Meth. A},
  volume  = {952},
  pages   = {161830},
  year    = {2020}
}
@article{cortina2009technicalperformancemagictelescopes,
  author        = {Cortina, Juan and Goebel, Florian and Schweizer, Thomas},
  collaboration = {MAGIC},
  title         = {{Technical Performance of the MAGIC Telescopes}},
  eprint        = {0907.1211},
  archiveprefix = {arXiv},
  primaryclass  = {astro-ph.IM},
  month         = {7},
  year          = {2009}
}
@article{1966RSPSA.289..206K,
  author  = {{Kahn}, F.~D. and {Lerche}, I.},
  title   = {{Radiation from Cosmic Ray Air Showers}},
  journal = {Proceedings of the Royal Society of London Series A},
  year    = 1966,
  month   = jan,
  volume  = {289},
  number  = {1417},
  pages   = {206-213},
  doi     = {10.1098/rspa.1966.0007},
  adsurl  = {https://ui.adsabs.harvard.edu/abs/1966RSPSA.289..206K},
  adsnote = {Provided by the SAO/NASA Astrophysics Data System}
}
@article{osti_4100652,
title = {Radio Pulses from Extensive Air Showers},
author = {Allan, H R and Clay, R W and Jones, J K},
doi = {10.1038/2271116a0}, 
journal = {Nature (London) 227: 1116-18 (12 Sep 1970).},
year = {1970},
month = {1}
}
@article{Huege_2016,
  author        = {Huege, T.},
  title         = {{Radio detection of cosmic ray air showers in the digital era}},
  eprint        = {1601.07426},
  archiveprefix = {arXiv},
  primaryclass  = {astro-ph.IM},
  doi           = {10.1016/j.physrep.2016.02.001},
  journal       = {Phys. Rept.},
  volume        = {620},
  pages         = {1--52},
  year          = {2016}
}
@article{2013A&A...556A...2V,
  author        = {van Haarlem, M. P. and others},
  collaboration = {LOFAR},
  title         = {{LOFAR: The LOw-Frequency ARray}},
  eprint        = {1305.3550},
  archiveprefix = {arXiv},
  primaryclass  = {astro-ph.IM},
  doi           = {10.1051/0004-6361/201220873},
  journal       = {Astron. Astrophys.},
  volume        = {556},
  pages         = {A2},
  year          = {2013}
}
@article{PhysRevD.93.122005,
  author        = {Aab, Alexander and others},
  collaboration = {Pierre Auger},
  title         = {{Energy Estimation of Cosmic Rays with the Engineering Radio Array of the Pierre Auger Observatory}},
  eprint        = {1508.04267},
  archiveprefix = {arXiv},
  primaryclass  = {astro-ph.HE},
  reportnumber  = {FERMILAB-PUB-15-354-AD-AE-CD-TD},
  doi           = {10.1103/PhysRevD.93.122005},
  journal       = {Phys. Rev. D},
  volume        = {93},
  number        = {12},
  pages         = {122005},
  year          = {2016}
}
@article{fang2017giantradioarrayneutrino,
  author        = {Fang, Ke and others},
  title         = {{The Giant Radio Array for Neutrino Detection (GRAND): Present and Perspectives}},
  eprint        = {1708.05128},
  archiveprefix = {arXiv},
  primaryclass  = {astro-ph.IM},
  doi           = {10.22323/1.301.0996},
  journal       = {PoS},
  volume        = {ICRC2017},
  pages         = {996},
  year          = {2018}
}
@article{1953Natur.171..349G,
  author  = {Galbraith, W. and Jelley, J. V.},
  title   = {{Light Pulses from the Night Sky associated with Cosmic Rays}},
  doi     = {10.1038/171349a0},
  journal = {Nature},
  volume  = {171},
  number  = {4347},
  pages   = {349--350},
  year    = {1953}
}
@inproceedings{1965ICRC....2..738B,
  author    = {{Bagge}, E. and {B{\"o}hm}, E. and {Fritze}, R. and {Roose}, U.~J. and {Samorski}, M. and {Schnier}, C. and {Staubert}, R. and {Thielheim}, K.~O. and {Tr{\"u}mper}, J. and {Wiedecke}, L. and {Wolter}, W.},
  title     = {{The extensive air shower experiment at Kiel.}},
  booktitle = {{International Cosmic Ray Conference}},
  year      = 1965,
  volume    = {1},
  month     = jan,
  url    = {https://ui.adsabs.harvard.edu/abs/1965ICRC....2..738B}
}
@article{Linsley1961485,
  author  = {Linsley, John and Scarsi, Livio and Rossi, Bruno},
  title   = {{Extremely energetic cosmic-ray event}},
  doi     = {10.1103/PhysRevLett.6.485},
  journal = {Phys. Rev. Lett.},
  volume  = {6},
  pages   = {485--487},
  year    = {1961}
}
@article{article_b_MESONS,
  author        = {Bueno, A. and Gascon, A. and Illana, J. I. and Masip, M.},
  title         = {{Propagation of B mesons in the atmosphere}},
  eprint        = {1109.4337},
  archiveprefix = {arXiv},
  primaryclass  = {hep-ph},
  doi           = {10.1088/1475-7516/2012/02/028},
  journal       = {JCAP},
  volume        = {02},
  pages         = {028},
  year          = {2012}
}
@article{BENZVI2007171,
  author        = {BenZvi, S. Y. and others},
  title         = {{The Lidar System of the Pierre Auger Observatory}},
  eprint        = {astro-ph/0609063},
  archiveprefix = {arXiv},
  doi           = {10.1016/j.nima.2007.01.094},
  journal       = {Nucl. Instrum. Meth. A},
  volume        = {574},
  pages         = {171--184},
  year          = {2007}
}
@article{article_clf,
  author  = {Fick, B. and Malek, M. and Matthews, J. A. J. and Matthews, J. and Meyhandan, R. and Mostaf\'a, M. and Roberts, M. and Sommers, P. and Wiencke, L.},
  title   = {{The Central Laser Facility at the Pierre Auger Observatory}},
  doi     = {10.1088/1748-0221/1/11/P11003},
  journal = {JINST},
  volume  = {1},
  number  = {11},
  pages   = {P11003--P11003},
  year    = {2006}
}
@article{Lawrence_Wiencke_2009,
  author        = {Wiencke, L.},
  editor        = {Fraternali, M. and Gaudio, Gabriella and Livan, Michele},
  collaboration = {Pierre Auger},
  title         = {{Atmospheric Calorimetry above 10$^{19}$ eV: Shooting Lasers at the Pierre Auger Cosmic-Ray Observatory}},
  eprint        = {0807.2884},
  archiveprefix = {arXiv},
  primaryclass  = {astro-ph},
  doi           = {10.1088/1742-6596/160/1/012037},
  journal       = {J. Phys. Conf. Ser.},
  volume        = {160},
  pages         = {012037},
  year          = {2009}
}
@article{Horandel:2023XL,
  author  = {Hörandel, Jörg R.},
  title   = {{Status and prospects of the Auger Radio Detector}},
  doi     = {10.22323/1.423.0095},
  journal = {PoS},
  year    = 2023,
  volume  = {ECRS},
  pages   = {095}
}
@article{AbdulHalim:2023ZF,
  author        = {Abdul Halim, Adila and others},
  collaboration = {Pierre Auger},
  title         = {{Status and Performance of the Underground Muon Detector of the Pierre Auger Observatory}},
  doi           = {10.22323/1.444.0267},
  journal       = {PoS},
  volume        = {ICRC2023},
  pages         = {267},
  year          = {2023}
}
@article{Cataldi:2021uwd,
  author        = {Cataldi, Gabriella},
  collaboration = {Pierre Auger},
  title         = {{The upgrade of the Pierre Auger Observatory with the Scintillator Surface Detector}},
  doi           = {10.22323/1.395.0251},
  journal       = {PoS},
  volume        = {ICRC2021},
  pages         = {251},
  year          = {2021}
}
@article{Abraham_2010_FD,
  author        = {Abraham, J. and others},
  collaboration = {Pierre Auger},
  title         = {{The Fluorescence Detector of the Pierre Auger Observatory}},
  eprint        = {0907.4282},
  archiveprefix = {arXiv},
  primaryclass  = {astro-ph.IM},
  reportnumber  = {FERMILAB-PUB-09-385-A-CD-PPD-TD},
  doi           = {10.1016/j.nima.2010.04.023},
  journal       = {Nucl. Instrum. Meth. A},
  volume        = {620},
  pages         = {227--251},
  year          = {2010}
}
@article{Rosado:2014bya,
  author        = {Rosado, Jaime and Blanco, Francisco and Arqueros, Fernando},
  title         = {{On the absolute value of the air-fluorescence yield}},
  eprint        = {1401.4310},
  archiveprefix = {arXiv},
  primaryclass  = {astro-ph.IM},
  doi           = {10.1016/j.astropartphys.2014.02.003},
  journal       = {Astropart. Phys.},
  volume        = {55},
  pages         = {51--62},
  year          = {2014}
}
@article{SALAMIDA2008207,
  author        = {Salamida, Francesco},
  editor        = {Capone, Antonio and De Vincenzi, Mario and Lucarelli, Fabrizio and Morselli, Aldo},
  collaboration = {Pierre Auger},
  title         = {{The analysis of hybrid events in the Pierre Auger Observatory}},
  doi           = {10.1016/j.nima.2008.01.041},
  journal       = {Nucl. Instrum. Meth. A},
  volume        = {588},
  pages         = {207--210},
  year          = {2008}
}
@article{PierreAuger:2020lri,
  author        = {Aab, A. and others},
  collaboration = {Pierre Auger},
  title         = {{A Three Year Sample of Almost 1600 Elves Recorded Above South America by the Pierre Auger Cosmic-Ray Observatory}},
  reportnumber  = {FERMILAB-PUB-20-127-ND-PPD-TD},
  doi           = {10.1029/2019ea000582},
  journal       = {Earth Space Sci.},
  volume        = {7},
  number        = {4},
  pages         = {e2019EA000582},
  year          = {2020}
}
@article{PierreAuger:2007kus,
  author        = {Allekotte, I. and others},
  collaboration = {Pierre Auger},
  title         = {{The Surface Detector System of the Pierre Auger Observatory}},
  eprint        = {0712.2832},
  archiveprefix = {arXiv},
  primaryclass  = {astro-ph},
  reportnumber  = {FERMILAB-PUB-07-664-E-TD},
  doi           = {10.1016/j.nima.2007.12.016},
  journal       = {Nucl. Instrum. Meth. A},
  volume        = {586},
  pages         = {409--420},
  year          = {2008}
}
@article{PierreAuger:2023yab,
  author        = {Abdul Halim, Adila and others},
  collaboration = {Pierre Auger},
  title         = {{AugerPrime Surface Detector Electronics}},
  eprint        = {2309.06235},
  archiveprefix = {arXiv},
  primaryclass  = {astro-ph.HE},
  reportnumber  = {FERMILAB-PUB-23-0896-AD-CSAID-PPD-TD-V},
  doi           = {10.1088/1748-0221/18/10/P10016},
  journal       = {JINST},
  volume        = {18},
  number        = {10},
  pages         = {P10016},
  year          = {2023}
}

@article{PierreAuger:2005znw,
  author        = {Bertou, X. and others},
  collaboration = {Pierre Auger},
  title         = {{Calibration of the surface array of the Pierre Auger Observatory}},
  eprint        = {2102.01656},
  archiveprefix = {arXiv},
  primaryclass  = {astro-ph.HE},
  reportnumber  = {FERMILAB-PUB-21-033-AD-AE-E-TD, FERMILAB-PUB-21-033-AD-AE-E-TD},
  doi           = {10.1016/j.nima.2006.07.066},
  journal       = {Nucl. Instrum. Meth. A},
  volume        = {568},
  pages         = {839--846},
  year          = {2006}
}
@inproceedings{PierreAuger:2005cju,
  author        = {Aglietta, M. and others},
  collaboration = {Pierre Auger},
  title         = {{Response of the Pierre Auger Observatory water Cherenkov detectors to muons}},
  booktitle     = {{29th International Cosmic Ray Conference}},
  reportnumber  = {FERMILAB-CONF-05-282-E-TD},
  month         = {7},
  year          = {2005}
}
@article{Dasso:2012vk,
  author        = {Dasso, S. and Asorey, H.},
  collaboration = {Pierre Auger},
  title         = {{The scaler mode in the Pierre Auger Observatory to study heliospheric modulation of cosmic rays}},
  eprint        = {1204.6196},
  archiveprefix = {arXiv},
  primaryclass  = {astro-ph.SR},
  doi           = {10.1016/j.asr.2011.12.028},
  journal       = {Adv. Space Res.},
  volume        = {49},
  pages         = {1563--1569},
  year          = {2012}
}
@techreport{gap_note_2009,
  author = {Pierre Billoir},
  title  = {Proposition to improve the local trigger of the Surface Detector for low energy showers},
  institution = {Pierre Auger Observatory},
  number = {GAP-2009-179},
  url    = {https://www.auger.org/gap-notes/},
  year   = {2009},
  note  = {(key protected)}
}
@techreport{gap_note_2011,
  author      = {Pierre Billoir},
  title       = {New proposal to improve local trigger of the Surface Detector},
  institution = {Pierre Auger Observatory},
  number      = {GAP-2011-089},
  url         = {https://www.auger.org/gap-notes/},
  year        = {2011},
  note        = {(key protected)}
}
@article{PierreAuger:2021hun,
  author        = {Abreu, P. and others},
  collaboration = {Pierre Auger},
  title         = {{The energy spectrum of cosmic rays beyond the turn-down around $10^{17}$ eV as measured with the surface detector of the Pierre Auger Observatory}},
  eprint        = {2109.13400},
  archiveprefix = {arXiv},
  primaryclass  = {astro-ph.HE},
  reportnumber  = {FERMILAB-PUB-21-474-AD-AE-SCD-TD},
  doi           = {10.1140/epjc/s10052-021-09700-w},
  journal       = {Eur. Phys. J. C},
  volume        = {81},
  number        = {11},
  pages         = {966},
  year          = {2021}
}
@techreport{gap_note_2017,
  author      = {Coleman, A. and Ghia, P. and Mostafa, M.},
  title       = {The Station Triggering Efficiency Using the New Triggers},
  institution = {Pierre Auger Observatory},
  number      = {GAP-2018-017},
  url         = {https://www.auger.org/gap-notes/},
  year        = {2018},
  note        = {(key protected)}
}
@article{PierreAuger:2021nnx,
  author        = {Abreu, Pedro and others},
  collaboration = {Pierre Auger},
  title         = {{AugerPrime Upgraded Electronics}},
  doi           = {10.22323/1.395.0230},
  journal       = {PoS},
  volume        = {ICRC2021},
  pages         = {230},
  year          = {2021}
}
@article{PierreAuger:2023clx,
  author        = {Abdul Halim, Adila and others},
  collaboration = {Pierre Auger},
  title         = {{The dynamic range of the upgraded surface-detector stations of AugerPrime}},
  doi           = {10.22323/1.444.0343},
  journal       = {PoS},
  volume        = {ICRC2023},
  pages         = {343},
  year          = {2023}
}
@article{PierreAuger:2021fhj,
  author        = {Aab, Alexander and others},
  collaboration = {Pierre Auger},
  title         = {{Design and implementation of the AMIGA embedded system for data acquisition}},
  eprint        = {2101.11747},
  archiveprefix = {arXiv},
  primaryclass  = {astro-ph.IM},
  reportnumber  = {FERMILAB-PUB-21-032-AD-AE-E-TD},
  doi           = {10.1088/1748-0221/16/07/T07008},
  journal       = {JINST},
  volume        = {16},
  number        = {07},
  pages         = {T07008},
  year          = {2021}
}
@article{PierreAuger:2023nkh,
  author        = {Abdul Halim, Adila and others},
  collaboration = {Pierre Auger},
  title         = {{Search for primary photons at tens of PeV with the Pierre Auger Observatory}},
  doi           = {10.22323/1.444.0238},
  journal       = {PoS},
  volume        = {ICRC2023},
  pages         = {238},
  year          = {2023}
}
@article{Argiro:2007qg,
  author        = {Argiro, S. and Barroso, S. L. C. and Gonzalez, J. and Nellen, L. and Paul, Thomas Cantzon and Porter, T. A. and Prado, Jr., L. and Roth, M. and Ulrich, R. and Veberic, D.},
  title         = {{The Offline Software Framework of the Pierre Auger Observatory}},
  eprint        = {0707.1652},
  archiveprefix = {arXiv},
  primaryclass  = {astro-ph},
  reportnumber  = {NUB-3260},
  doi           = {10.1016/j.nima.2007.07.010},
  journal       = {Nucl. Instrum. Meth. A},
  volume        = {580},
  pages         = {1485--1496},
  year          = {2007}
}
@article{PierreAuger:2023cqe,
  author        = {Abdul Halim, Adila and others},
  collaboration = {Pierre Auger},
  title         = {{Update on the Offline Framework for AugerPrime and production of reference simulation libraries using the VO Auger grid resources}},
  doi           = {10.22323/1.444.0248},
  journal       = {PoS},
  volume        = {ICRC2023},
  pages         = {248},
  year          = {2023}
}
@techreport{Heck:1998vt,
  author       = {Heck, D. and Knapp, J. and Capdevielle, J. N. and Schatz, G. and Thouw, T.},
  title        = {{CORSIKA: A Monte Carlo code to simulate extensive air showers}},
  institution  = {Forschungszentrum Karlsruhe},
  number = {FZKA-6019},
  month        = {2},
  year         = {1998}
}
@article{Sciutto:1999jh,
  author        = {Sciutto, S. J.},
  title         = {{AIRES: A system for air shower simulations}},
  eprint        = {astro-ph/9911331},
  archiveprefix = {arXiv},
  doi           = {10.13140/RG.2.2.12566.40002},
  month         = {11},
  year          = {1999}
}
@article{Brun:1997pa,
  author  = {Brun, R. and Rademakers, F.},
  editor  = {Werlen, M. and Perret-Gallix, D.},
  title   = {{ROOT: An object oriented data analysis framework}},
  doi     = {10.1016/S0168-9002(97)00048-X},
  journal = {Nucl. Instrum. Meth. A},
  volume  = {389},
  pages   = {81--86},
  year    = {1997}
}
@misc{HDembinski_pyik,
  title = {Python Instrumentation Kit},
  url = {https://github.com/HDembinski/pyik}
}
@article{Pivarski2024-za,
  title     = {Uproot},
  author    = {Pivarski, Jim and others},
  publisher = {Zenodo},
  doi      = {10.5281/zenodo.4537826},
  year      = {2024}
}
@article{Corcella:2000bw,
  author        = {Corcella, G. and Knowles, I. G. and Marchesini, G. and Moretti, S. and Odagiri, K. and Richardson, P. and Seymour, M. H. and Webber, B. R.},
  title         = {{HERWIG 6: An Event generator for hadron emission reactions with interfering gluons (including supersymmetric processes)}},
  eprint        = {hep-ph/0011363},
  archiveprefix = {arXiv},
  reportnumber  = {CAVENDISH-HEP-99-03, CERN-TH-2000-284, RAL-TR-2000-048},
  doi           = {10.1088/1126-6708/2001/01/010},
  journal       = {JHEP},
  volume        = {01},
  pages         = {010},
  year          = {2001}
}
@article{Ostapchenko:2010vb,
  author        = {Ostapchenko, Sergey},
  title         = {{Monte Carlo treatment of hadronic interactions in enhanced Pomeron scheme: I. QGSJET-II model}},
  eprint        = {1010.1869},
  archiveprefix = {arXiv},
  primaryclass  = {hep-ph},
  doi           = {10.1103/PhysRevD.83.014018},
  journal       = {Phys. Rev. D},
  volume        = {83},
  pages         = {014018},
  year          = {2011}
}
@article{Riehn:2019jet,
  author        = {Riehn, Felix and Engel, Ralph and Fedynitch, Anatoli and Gaisser, Thomas K. and Stanev, Todor},
  title         = {{Hadronic interaction model Sibyll 2.3d and extensive air showers}},
  eprint        = {1912.03300},
  archiveprefix = {arXiv},
  primaryclass  = {hep-ph},
  doi           = {10.1103/PhysRevD.102.063002},
  journal       = {Phys. Rev. D},
  volume        = {102},
  number        = {6},
  pages         = {063002},
  year          = {2020}
}
@article{Pierog:2013ria,
  author        = {Pierog, T. and Karpenko, Iu. and Katzy, J. M. and Yatsenko, E. and Werner, K.},
  title         = {{EPOS LHC: Test of collective hadronization with data measured at the CERN Large Hadron Collider}},
  eprint        = {1306.0121},
  archiveprefix = {arXiv},
  primaryclass  = {hep-ph},
  reportnumber  = {DESY-13-125},
  doi           = {10.1103/PhysRevC.92.034906},
  journal       = {Phys. Rev. C},
  volume        = {92},
  number        = {3},
  pages         = {034906},
  year          = {2015}
}
@techreport{Ferrari:2005zk,
  author       = {Ferrari, Alfredo and Sala, Paola R. and Fasso, Alberto and Ranft, Johannes},
  title        = {{FLUKA: A multi-particle transport code (Program version 2005)}},
  institution  = {CERN},
  number = {CERN-2005-010, SLAC-R-773, INFN-TC-05-11, CERN-2005-10},
  doi          = {10.2172/877507},
  month        = {10},
  year         = {2005}
}
@article{Battistoni:2015epi,
  author  = {Battistoni, Giuseppe and others},
  title   = {{Overview of the FLUKA code}},
  doi     = {10.1016/j.anucene.2014.11.007},
  journal = {Annals Nucl. Energy},
  volume  = {82},
  pages   = {10--18},
  year    = {2015}
}
@techreport{Nelson:1990sr,
  author       = {Nelson, W. Ralph and Hirayama, H. and Rogers, David W. O.},
  title        = {{The EGS4 Code System}},
  institution  = {SLAC},
  number = {SLAC-0265, SLAC-265, SLAC-R-0265, SLAC-R-265},
  month        = {12},
  year         = {1985}
}
@article{PierreAuger:2012jsu,
  author        = {Abreu, P. and others},
  collaboration = {Pierre Auger},
  title         = {{Description of Atmospheric Conditions at the Pierre Auger Observatory using the Global Data Assimilation System (GDAS)}},
  eprint        = {1201.2276},
  archiveprefix = {arXiv},
  primaryclass  = {astro-ph.HE},
  reportnumber  = {FERMILAB-PUB-12-011-AD-AE-CD-TD},
  doi           = {10.1016/j.astropartphys.2011.12.002},
  journal       = {Astropart. Phys.},
  volume        = {35},
  pages         = {591--607},
  year          = {2012}
}
@article{Hillas:1997tf,
  author  = {Hillas, A. M.},
  editor  = {Rebel, H. and Schatz, G. and Knapp, J.},
  title   = {{Shower simulation: Lessons from MOCCA}},
  doi     = {10.1016/S0920-5632(96)00847-X},
  journal = {Nucl. Phys. B Proc. Suppl.},
  volume  = {52},
  pages   = {29--42},
  year    = {1997}
}
@techreport{Heck:1998gr,
  author   = {Heck, D. and Knapp, J.},
  year     = {1998},
  title    = {Upgrade of the Monte Carlo Code CORSIKA to simulate extensive air showers with energies $> 10^{20}$ eV},
  institution = {Forschungszentrum Karlsruhe},
  number  = {FZKA-6097},
  doi      = {10.5445/IR/270043705},
  language = {english}
}
@article{Kobal:2001jx,
  author        = {Kobal, M.},
  collaboration = {Pierre Auger},
  title         = {{A thinning method using weight limitation for air-shower simulations}},
  doi           = {10.1016/S0927-6505(00)00158-4},
  journal       = {Astropart. Phys.},
  volume        = {15},
  pages         = {259--273},
  year          = {2001}
}
@misc{GRID_tech,
title = {EGI, European Grid Infrastructure.},
url = {http://www.egi.eu/}
}
@article{LozanoBahilo:2012pe,
  author        = {Lozano Bahilo, Julio},
  editor        = {Teodorescu, Liliana and Britton, David and Glover, Nigel and Heinrich, Gudrun and Lauret, Jerome and Naumann, Axel and Speer, Thomas and Teixeira-Dias, Pedro},
  collaboration = {Pierre Auger},
  title         = {{Mass production of extensive air showers for the Pierre Auger Collaboration using Grid technology}},
  doi           = {10.1088/1742-6596/368/1/012015},
  journal       = {J. Phys. Conf. Ser.},
  volume        = {368},
  pages         = {012015},
  year          = {2012}
}
@article{Stokes:2011wf,
  author        = {Stokes, B. T. and Cady, R. and Ivanov, D. and Matthews, J. N. and Thomson, G. B.},
  title         = {{Dethinning Extensive Air Shower Simulations}},
  eprint        = {1104.3182},
  archiveprefix = {arXiv},
  primaryclass  = {astro-ph.IM},
  doi           = {10.1016/j.astropartphys.2012.03.004},
  journal       = {Astropart. Phys.},
  volume        = {35},
  pages         = {759--766},
  year          = {2012}
}
@article{GEANT4:2002zbu,
  author        = {Agostinelli, S. and others},
  collaboration = {GEANT4},
  title         = {{GEANT4--A simulation toolkit}},
  reportnumber  = {SLAC-PUB-9350, FERMILAB-PUB-03-339, CERN-IT-2002-003},
  doi           = {10.1016/S0168-9002(03)01368-8},
  journal       = {Nucl. Instrum. Meth. A},
  volume        = {506},
  pages         = {250--303},
  year          = {2003}
}
@article{Allison:2006ve,
  author       = {Allison, John and others},
  title        = {{Geant4 Developments and Applications}},
  reportnumber = {SLAC-PUB-11870},
  doi          = {10.1109/TNS.2006.869826},
  journal      = {IEEE Trans. Nucl. Sci.},
  volume       = {53},
  pages        = {270},
  year         = {2006}
}
@article{Allison:2016lfl,
  author       = {Allison, J. and others},
  title        = {{Recent developments in Geant4}},
  reportnumber = {FERMILAB-PUB-16-447-CD},
  doi          = {10.1016/j.nima.2016.06.125},
  journal      = {Nucl. Instrum. Meth. A},
  volume       = {835},
  pages        = {186--225},
  year         = {2016}
}
@inproceedings{Veberic:2013suc,
  author    = {Veberic, Darko},
  title     = {{Estimation of the Total Signal in Saturated Stations of Pierre Auger Surface Detector}},
  booktitle = {{33rd International Cosmic Ray Conference}},
  year      = {2013} 
}
@article{PierreAuger:2020yab,
  author        = {Aab, Alexander and others},
  collaboration = {Pierre Auger},
  title         = {{Reconstruction of events recorded with the surface detector of the Pierre Auger Observatory}},
  eprint        = {2007.09035},
  archiveprefix = {arXiv},
  primaryclass  = {astro-ph.IM},
  reportnumber  = {FERMILAB-PUB-20-487-AD-E-TD},
  doi           = {10.1088/1748-0221/15/10/P10021},
  journal       = {JINST},
  volume        = {15},
  number        = {10},
  pages         = {P10021},
  year          = {2020}
}
@techreport{gap_bottom_up,
  author      = {Medina, C. and Bertou, X. },
  title       = {Using compact 3 TOT as a starting point for SD reconstruction},
  institution = {Pierre Auger Observatory},
  number      = {GAP-2004-030},
  url         = {https://www.auger.org/gap-notes/},
  year        = {2004},
  note        = {(key protected)}
}
@techreport{gap_top_down,
  author      = {Pierre Billoir},
  title       = {Reconstruction of first year EA events from the Surface Detector},
  institution = {Pierre Auger Observatory},
  number      = {GAP-2002-044},
  url         = {https://www.auger.org/gap-notes/},
  year        = {2002},
  note        = {(key protected)}
}
@article{2017AGUFMAE31A..06C,
  author        = {Colalillo, Roberta},
  editor        = {Valore, L. and Colalillo, R. and Guarino, F.},
  collaboration = {Pierre Auger},
  title         = {{The observation of lightning-related events with the Surface Detector of the Pierre Auger Observatory}},
  doi           = {10.1051/epjconf/201919703003},
  journal       = {EPJ Web Conf.},
  volume        = {197},
  pages         = {03003},
  year          = {2019}
}
@techreport{gap_top_down_module,
  author      = {Billoir, P. and Navarro, J.L. and Navas, S.},
  title       = {An Offline Module for Injection of Random Accidental Signals in SD Stations},
  institution = {Pierre Auger Observatory},
  number      = {GAP-2011-038},
  url         = {https://www.auger.org/gap-notes/},
  year        = {2011},
  note        = {(key protected)}
}
@techreport{gap_top_down_proc,
  author      = {Pierre Billoir},
  title       = {Top-down Selection of Events and Stations},
  institution = {Pierre Auger Observatory},
  number      = {GAP-2006-072},
  url         = {https://www.auger.org/gap-notes/},
  year        = {2006},
  note        = {(key protected)}
}
@techreport{gap_segment_selection,
  author      = {Pierre Billoir},
  title       = {FADC trace cleaning in Surface Detector through a segmentation procedure},
  institution = {Pierre Auger Observatory},
  number      = {GAP-2005-074},
  url         = {https://www.auger.org/gap-notes/},
  year        = {2005},
  note        = {(key protected)}
}
@article{James:1975dr,
  author       = {James, F. and Roos, M.},
  title        = {{Minuit: A System for Function Minimization and Analysis of the Parameter Errors and Correlations}},
  reportnumber = {CERN-DD-75-20},
  doi          = {10.1016/0010-4655(75)90039-9},
  journal      = {Comput. Phys. Commun.},
  volume       = {10},
  pages        = {343--367},
  year         = {1975}
}
@misc{Fisher_illustrative,
  title = {An illustrative example of Fisher's linear discriminant},
  url = {https://sthalles.github.io/fisher-linear-discriminant/}
}
@misc{JaimeAlvarezMuniz_conversation,
  title = {Conversations with Jaime Alvarez-Mu\~niz}
}
@misc{scikit_Learn,
  title = {Scikit-learn: Linear Discriminant Analysis},
  url = {https://scikit-learn.org/0.16/modules/generated/sklearn.lda.LDA.html}
}
@article{PierreAuger:2023xfj,
  author        = {Abdul Halim, Adila and others},
  collaboration = {Pierre Auger},
  title         = {{The Time Evolution of the Surface Detector of the Pierre Auger Observatory}},
  doi           = {10.22323/1.444.0266},
  journal       = {PoS},
  volume        = {ICRC2023},
  pages         = {266},
  year          = {2023}
}
@inproceedings{Sato:2011zze,
  author        = {Sato, Ricardo},
  collaboration = {Pierre Auger},
  title         = {{Long term performance of the surface detectors of the Pierre Auger Observatory}},
  booktitle     = {{32nd International Cosmic Ray Conference}},
  doi           = {10.7529/ICRC2011/V03/0952},
  volume        = {3},
  month         = {8},
  year          = {2011}
}
@article{PierreAuger:2010zof,
  author        = {Abraham, J. and others},
  collaboration = {Pierre Auger},
  title         = {{Trigger and Aperture of the Surface Detector Array of the Pierre Auger Observatory}},
  eprint        = {1111.6764},
  archiveprefix = {arXiv},
  primaryclass  = {astro-ph.IM},
  reportnumber  = {FERMILAB-PUB-10-094-A-PPD-TD},
  doi           = {10.1016/j.nima.2009.11.018},
  journal       = {Nucl. Instrum. Meth. A},
  volume        = {613},
  pages         = {29--39},
  year          = {2010}
}
@article{Cooper-Sarkar:2011jtt,
  author        = {Cooper-Sarkar, Amanda and Mertsch, Philipp and Sarkar, Subir},
  title         = {{The high energy neutrino cross-section in the Standard Model and its uncertainty}},
  eprint        = {1106.3723},
  archiveprefix = {arXiv},
  primaryclass  = {hep-ph},
  doi           = {10.1007/JHEP08(2011)042},
  journal       = {JHEP},
  volume        = {08},
  pages         = {042},
  year          = {2011}
}
@techreport{gap_systematics,
  author      = {Navarro, J.L. and others},
  title       = {An extensive review on the down-going neutrino systematic uncertainties from the Pierre Auger Observatory},
  institution = {Pierre Auger Observatory},
  number      = {GAP-2010-027},
  url         = {https://www.auger.org/gap-notes/},
  year        = {2010},
  note        = {(key protected)}
}
@article{Sjostrand:2006za,
  author        = {Sjostrand, Torbjorn and Mrenna, Stephen and Skands, Peter Z.},
  title         = {{PYTHIA 6.4 Physics and Manual}},
  eprint        = {hep-ph/0603175},
  archiveprefix = {arXiv},
  reportnumber  = {FERMILAB-PUB-06-052-CD-T, LU-TP-06-13},
  doi           = {10.1088/1126-6708/2006/05/026},
  journal       = {JHEP},
  volume        = {05},
  pages         = {026},
  year          = {2006}
}
@article{Huege:2022xbo,
  author        = {Huege, Tim},
  collaboration = {CORSIKA},
  title         = {{CORSIKA 8 - the next-generation air shower simulation framework}},
  eprint        = {2208.14240},
  archiveprefix = {arXiv},
  primaryclass  = {astro-ph.IM},
  doi           = {10.21468/SciPostPhysProc.13.028},
  journal       = {SciPost Phys. Proc.},
  volume        = {13},
  pages         = {028},
  year          = {2023}
}
@techreport{gap_note_det_systematics,
  author      = {O. Blanch Bigas},
  title       = {Study of systematic uncertainties for skimming tau neutrinos},
  institution = {Pierre Auger Observatory},
  number      = {GAP-2006-054},
  url         = {https://www.auger.org/gap-notes/},
  year        = {2006},
  note        = {(key protected)}
}
@article{Feldman:1997qc,
  author        = {Feldman, Gary J. and Cousins, Robert D.},
  title         = {{A Unified approach to the classical statistical analysis of small signals}},
  eprint        = {physics/9711021},
  archiveprefix = {arXiv},
  reportnumber  = {HUTP-97-A096},
  doi           = {10.1103/PhysRevD.57.3873},
  journal       = {Phys. Rev. D},
  volume        = {57},
  pages         = {3873--3889},
  year          = {1998}
}
@article{Gammapy:2023gvb,
  author        = {Donath, Axel and others},
  collaboration = {Gammapy},
  title         = {{Gammapy: A Python package for gamma-ray astronomy}},
  eprint        = {2308.13584},
  archiveprefix = {arXiv},
  primaryclass  = {astro-ph.IM},
  doi           = {10.1051/0004-6361/202346488},
  journal       = {Astron. Astrophys.},
  volume        = {678},
  pages         = {A157},
  year          = {2023}
}
@article{Rolke:2000ij,
  author        = {Rolke, Wolfgang A. and Lopez, Angel M.},
  title         = {{Confidence intervals and upper bounds for small signals in the presence of background noise}},
  eprint        = {hep-ph/0005187},
  archiveprefix = {arXiv},
  doi           = {10.1016/S0168-9002(00)00935-9},
  journal       = {Nucl. Instrum. Meth. A},
  volume        = {458},
  pages         = {745--758},
  year          = {2001}
}
@article{Rolke:2004mj,
  author        = {Rolke, Wolfgang A. and Lopez, Angel M. and Conrad, Jan},
  editor        = {Lyons, L. and Karagoz, Muge},
  title         = {{Limits and confidence intervals in the presence of nuisance parameters}},
  eprint        = {physics/0403059},
  archiveprefix = {arXiv},
  doi           = {10.1016/j.nima.2005.05.068},
  journal       = {Nucl. Instrum. Meth. A},
  volume        = {551},
  pages         = {493--503},
  year          = {2005}
}
@misc{TRolke_ROOT,
  title        = {TRolke Class Reference},
  url         = {https://root.cern/doc/v628/classTRolke.html}
}
@article{Conrad:2002kn,
  author        = {Conrad, Jan and Botner, O. and Hallgren, A. and Perez de los Heros, Carlos},
  title         = {{Including systematic uncertainties in confidence interval construction for Poisson statistics}},
  eprint        = {hep-ex/0202013},
  archiveprefix = {arXiv},
  doi           = {10.1103/PhysRevD.67.012002},
  journal       = {Phys. Rev. D},
  volume        = {67},
  pages         = {012002},
  year          = {2003}
}
@article{Conrad:2005zm,
  author        = {Conrad, Jan and Tegenfeldt, Fredrik},
  title         = {{Likelihood ratio intervals with Bayesian treatment of uncertainties: Coverage, power and combined experiments}},
  booktitle     = {{PHYSTAT (2005): Statistical Problems in Particle Physics, Astrophysics and Cosmology}},
  eprint        = {physics/0511055},
  archiveprefix = {arXiv},
  doi           = {10.1142/9781860948985_0020},
  pages         = {93--96},
  month         = {11},
  year          = {2005}
}
@article{PierreAuger:2017pzq,
  author        = {Aab, Alexander and others},
  collaboration = {Pierre Auger},
  title         = {{Observation of a Large-scale Anisotropy in the Arrival Directions of Cosmic Rays above $8 \times 10^{18}$ eV}},
  eprint        = {1709.07321},
  archiveprefix = {arXiv},
  primaryclass  = {astro-ph.HE},
  reportnumber  = {FERMILAB-PUB-17-354},
  doi           = {10.1126/science.aan4338},
  journal       = {Science},
  volume        = {357},
  number        = {6537},
  pages         = {1266--1270},
  year          = {2017}
}
@article{PierreAuger:2011cpc,
  author        = {Abreu, P. and others},
  collaboration = {Pierre Auger},
  title         = {{A Search for Ultra-High Energy Neutrinos in Highly Inclined Events at the Pierre Auger Observatory}},
  eprint        = {1202.1493},
  archiveprefix = {arXiv},
  primaryclass  = {astro-ph.HE},
  reportnumber  = {FERMILAB-PUB-11-490-AD-AE-CD-PPD},
  doi           = {10.1103/PhysRevD.84.122005},
  journal       = {Phys. Rev. D},
  volume        = {84},
  pages         = {122005},
  year          = {2011},
  note          = {[Erratum: Phys.Rev.D 84, 029902 (2011)]}
}
@article{Massaro:2008ye,
  author        = {Massaro, E. and Giommi, P. and Leto, C. and Marchegiani, P. and Maselli, A. and Perri, M. and Piranomonte, S. and Sclavi, S.},
  title         = {{Roma-BZCAT: A multifrequency catalogue of Blazars}},
  eprint        = {0810.2206},
  archiveprefix = {arXiv},
  primaryclass  = {astro-ph},
  doi           = {10.1051/0004-6361:200810161},
  journal       = {Astron. Astrophys.},
  volume        = {495},
  pages         = {691},
  year          = {2009}
}
@article{Ballet:2020hze,
  author        = {Ballet, J. and Burnett, T. H. and Digel, S. W. and Lott, B.},
  collaboration = {Fermi-LAT},
  title         = {{Fermi Large Area Telescope Fourth Source Catalog Data Release 2}},
  eprint        = {2005.11208},
  archiveprefix = {arXiv},
  primaryclass  = {astro-ph.HE},
  month         = {5},
  year          = {2020}
}
@inproceedings{Wakely:2007qpa,
  author    = {Wakely, Scott P. and Horan, Deirdre},
  title     = {{TeVCat: An online catalog for Very High Energy Gamma-Ray Astronomy}},
  booktitle = {{30th International Cosmic Ray Conference}},
  volume    = {3},
  month     = {7},
  year      = {2007}
}
@techreport{Baseline_update,
  author      = {Tobias Schulz and others},
  title       = {New Baseline Algorithm for UB Traces},
  institution = {Pierre Auger Observatory},
  number      = {GAP-2022-045},
  url         = {https://www.auger.org/gap-notes/},
  year        = {2022},
  note        = {(key protected)}
}
@PhDThesis{Baust:2008,
	author = "A. Baust et al.",
	title  = "Design, construction and test of a GEM-detector",
	year   = "2008",
	note   = "Technical Thesis, Technical University Munich"
}

@thesis{PereiraDaCosta:1204557,
  author       = {Pereira Da Costa, Hugo},
  title        = {{Développement de chambres à dérive pour les hauts flux
                  dans l’expérience COMPASS}},
  year         = {2001},
  reportnumber = {CERN-THESIS-2009-067},
  url          = {http://cds.cern.ch/record/1204557},
  note         = {Presented on 23 Nov 2001}
}